|0000|LECF|0005|02195059000108|G & S IMAGENS DO BRASIL LTDA. (TEST)|0|0|||01012018|31122018|N||0||
|0001|0|
|0010||N|N|1|A|01|RRRR|BBBBBBBBBBBB||||||
|0020|1||N|N|N|N|N|N|N|N|N|N|N|N|N|N|N|N|S|N|N|N|N|N|N|N|N|N|N|N|N|N|
|0030|2062|6391700|Av. Roque Petroni Junior|1089|10 Andar CJ 1016 Jd. das Acácias|JARDIM DAS ACÁCIAS|SP|3550308|04707000|00000000000000|financeiro@gettyimages.com.br|
|0930|ANDRE CRISCIBENE PANTALEAO|28306598806|205||ANDRE.PANTALEAO@GETTYIMAGES.COM.BR|01135159636000|
|0930|SOLANGE SOUZA DA SILVA|30255042850|900|1SP294047/O7|SOLANGE.SOUZA@GETTYIMAGES.COM.BR|01135159627000|
|0990|8|
|J001|0|
|J050|01012015|01|S|1|1||ATIVO|
|J050|01012015|01|S|2|1.01|1|ATIVO CIRCULANTE|
|J050|01012015|01|S|3|1.01.01|1.01|DISPONIBILIDADES|
|J050|01012015|01|S|4|1.01.01.01|1.01.01|DEPÓSITOS BANCÁRIOS À VISTA|
|J050|01012015|01|A|5|1.01.01.01.01.10001|1.01.01.01|Caixa Matriz|
|J051|0000|1.01.01.01.01|
|J050|01012015|01|S|4|1.01.01.02|1.01.01|DEPÓSITOS BANCÁRIOS À VISTA|
|J050|01012015|01|A|5|1.01.01.02.01.10004|1.01.01.02|Bancos Conta Movimento - No País|
|J051|0000|1.01.01.02.01|
|J050|01012015|01|S|4|1.01.01.04|1.01.01|NUMERÁRIOS EM TRÂNSITO|
|J050|01012015|01|S|4|1.01.01.05|1.01.01|VALORES MOBILIÁRIOS  - NÃO HEDGE - NO PAÍS|
|J050|01012015|01|S|4|1.01.01.06|1.01.01|VALORES MOBILIÁRIOS  - HEDGE - NO PAÍS|
|J050|01012015|01|S|4|1.01.01.09|1.01.01|VALORES MOBILIÁRIOS - NÃO HEDGE - NO EXTERIOR|
|J050|01012015|01|S|4|1.01.01.10|1.01.01|VALORES MOBILIÁRIOS  - HEDGE - NO EXTERIOR|
|J050|01012015|01|S|4|1.01.01.40|1.01.01|RECURSOS NO EXTERIOR DECORRENTES DE EXPORTAÇÃO|
|J050|01012015|01|S|4|1.01.01.99|1.01.01|OUTRAS DISPONIBILIDADES|
|J050|01012015|01|A|5|1.01.01.99.01.10010|1.01.01.99|Outras Disponibilidades|
|J051|0000|1.01.01.99.01|
|J050|01012015|01|S|3|1.01.02|1.01|CRÉDITOS|
|J050|01012015|01|S|4|1.01.02.01|1.01.02|ADIANTAMENTOS|
|J050|01012015|01|A|5|1.01.02.01.01.10055|1.01.02.01|Adiantamentos a Fornecedores - no País – Circulant|
|J051|0000|1.01.02.01.01|
|J050|01012015|01|A|5|1.01.02.01.98.10050|1.01.02.01|Outros Adiantamentos  – Circulante|
|J051|0000|1.01.02.01.98|
|J050|01012015|01|A|5|1.01.02.01.98.10052|1.01.02.01|Outros Adiantamentos  – Circulante|
|J051|0000|1.01.02.01.98|
|J050|01012015|01|A|5|1.01.02.01.98.10053|1.01.02.01|Outros Adiantamentos  – Circulante|
|J051|0000|1.01.02.01.98|
|J050|01012015|01|A|5|1.01.02.01.98.10054|1.01.02.01|Outros Adiantamentos  – Circulante|
|J051|0000|1.01.02.01.98|
|J050|01012015|01|A|5|1.01.02.01.98.10070|1.01.02.01|Outros Adiantamentos  – Circulante|
|J051|0000|1.01.02.01.98|
|J050|01012015|01|A|5|1.01.02.01.98.10071|1.01.02.01|Outros Adiantamentos  – Circulante|
|J051|0000|1.01.02.01.98|
|J050|01012015|01|S|4|1.01.02.02|1.01.02|DUPLICATAS A RECEBER|
|J050|01012015|01|A|5|1.01.02.02.03.10020|1.01.02.02|Duplicatas a Receber - Operações com Partes Relaci|
|J051|0000|1.01.02.02.03|
|J050|01012015|01|A|5|1.01.02.02.03.10021|1.01.02.02|Duplicatas a Receber - Operações com Partes Relaci|
|J051|0000|1.01.02.02.03|
|J050|01012015|01|A|5|1.01.02.02.03.10023|1.01.02.02|Duplicatas a Receber - Operações com Partes Relaci|
|J051|0000|1.01.02.02.03|
|J050|01012015|01|A|5|1.01.02.02.03.10024|1.01.02.02|Duplicatas a Receber - Operações com Partes Relaci|
|J051|0000|1.01.02.02.03|
|J050|01012015|01|A|5|1.01.02.02.04.10026|1.01.02.02|Duplicatas a Receber - Operações com Partes Relaci|
|J051|0000|1.01.02.02.04|
|J050|01012015|01|A|5|1.01.02.02.52.10030|1.01.02.02|(-) Perdas Estimadas em Créditos de Liquidação Duv|
|J051|0000|1.01.02.02.52|
|J050|01012015|01|S|4|1.01.02.03|1.01.02|TRIBUTOS A RECUPERAR|
|J050|01012015|01|A|5|1.01.02.03.40.10040|1.01.02.03|Outros Impostos e Contribuições a Recuperar|
|J051|0000|1.01.02.03.40|
|J050|01012015|01|A|5|1.01.02.03.40.10060|1.01.02.03|Outros Impostos e Contribuições a Recuperar|
|J051|0000|1.01.02.03.40|
|J050|01012015|01|A|5|1.01.02.03.40.10069|1.01.02.03|Outros Impostos e Contribuições a Recuperar|
|J051|0000|1.01.02.03.40|
|J050|01012015|01|A|5|1.01.02.03.40.10072|1.01.02.03|Outros Impostos e Contribuições a Recuperar|
|J051|0000|1.01.02.03.40|
|J050|01012015|01|A|5|1.01.02.03.40.10131|1.01.02.03|Outros Impostos e Contribuições a Recuperar|
|J051|0000|1.01.02.03.40|
|J050|01012015|01|S|4|1.01.02.04|1.01.02|TRIBUTOS A COMPENSAR|
|J050|01012015|01|A|5|1.01.02.04.01.10061|1.01.02.04|Imposto de Renda Retido na Fonte (IRRF)|
|J051|0000|1.01.02.04.01|
|J050|01012015|01|A|5|1.01.02.04.01.10065|1.01.02.04|Imposto de Renda Retido na Fonte (IRRF)|
|J051|0000|1.01.02.04.01|
|J050|01012015|01|A|5|1.01.02.04.01.10066|1.01.02.04|Imposto de Renda Retido na Fonte (IRRF)|
|J051|0000|1.01.02.04.01|
|J050|01012015|01|A|5|1.01.02.04.02.10067|1.01.02.04|IRPJ Recolhido por Estimativa|
|J051|0000|1.01.02.04.02|
|J050|01012015|01|A|5|1.01.02.04.04.10062|1.01.02.04|CSLL Retida na Fonte|
|J051|0000|1.01.02.04.04|
|J050|01012015|01|A|5|1.01.02.04.04.10091|1.01.02.04|CSLL Retida na Fonte|
|J051|0000|1.01.02.04.04|
|J050|01012015|01|A|5|1.01.02.04.05.10068|1.01.02.04|CSLL Recolhida por Estimativa|
|J051|0000|1.01.02.04.05|
|J050|01012015|01|A|5|1.01.02.04.07.10063|1.01.02.04|PIS/PASEP Retido na Fonte|
|J051|0000|1.01.02.04.07|
|J050|01012015|01|A|5|1.01.02.04.07.10101|1.01.02.04|PIS/PASEP Retido na Fonte|
|J051|0000|1.01.02.04.07|
|J050|01012015|01|A|5|1.01.02.04.09.10064|1.01.02.04|COFINS Retida na Fonte|
|J051|0000|1.01.02.04.09|
|J050|01012015|01|A|5|1.01.02.04.09.10111|1.01.02.04|COFINS Retida na Fonte|
|J051|0000|1.01.02.04.09|
|J050|01012015|01|S|4|1.01.02.09|1.01.02|OUTROS CRÉDITOS – CIRCULANTE|
|J050|01012015|01|A|5|1.01.02.09.10.10022|1.01.02.09|Demais Créditos a Receber - Circulante|
|J051|0000|1.01.02.09.10|
|J050|01012015|01|A|5|1.01.02.09.10.10025|1.01.02.09|Demais Créditos a Receber - Circulante|
|J051|0000|1.01.02.09.10|
|J050|01012015|01|S|3|1.01.03|1.01|ESTOQUES|
|J050|01012015|01|S|4|1.01.03.01|1.01.03|ESTOQUES DE MERCADORIAS|
|J050|01012015|01|S|4|1.01.03.02|1.01.03|ESTOQUES DE PRODUTOS|
|J050|01012015|01|S|4|1.01.03.03|1.01.03|ESTOQUES - ATIVIDADE IMOBILIÁRIA|
|J050|01012015|01|S|4|1.01.03.04|1.01.03|ESTOQUES - LONGA MATURAÇÃO|
|J050|01012015|01|S|4|1.01.03.05|1.01.03|ESTOQUES - ATIVIDADE RURAL|
|J050|01012015|01|S|4|1.01.03.06|1.01.03|ESTOQUES SERVIÇOS|
|J050|01012015|01|S|4|1.01.03.07|1.01.03|ESTOQUES (OUTROS)|
|J050|01012015|01|S|3|1.01.05|1.01|DESPESAS DO EXERCÍCIO SEGUINTE|
|J050|01012015|01|S|4|1.01.05.01|1.01.05|DESPESAS DO EXERCÍCIO SEGUINTE|
|J050|01012015|01|A|5|1.01.05.01.01.10082|1.01.05.01|Alugueis Pagos Antecipadamente|
|J051|0000|1.01.05.01.01|
|J050|01012015|01|A|5|1.01.05.01.02.10080|1.01.05.01|Prêmios de Seguros a Apropriar|
|J051|0000|1.01.05.01.02|
|J050|01012015|01|A|5|1.01.05.01.09.10081|1.01.05.01|Outros Custos e Despesas Pagos Antecipadamente|
|J051|0000|1.01.05.01.09|
|J050|01012015|01|A|5|1.01.05.01.09.10083|1.01.05.01|Outros Custos e Despesas Pagos Antecipadamente|
|J051|0000|1.01.05.01.09|
|J050|01012015|01|S|3|1.01.10|1.01|ATIVO BIOLÓGICO - CIRCULANTE|
|J050|01012015|01|S|4|1.01.10.01|1.01.10|ATIVO BIOLÓGICO AVALIADO PELO VALOR JUSTO - CIRCUL|
|J050|01012015|01|S|4|1.01.10.02|1.01.10|ATIVO BIOLÓGICO AVALIADO PELO CUSTO - CIRCULANTE|
|J050|01012015|01|S|3|1.01.11|1.01|ATIVO NÃO CIRCULANTE MANTIDO PARA VENDA|
|J050|01012015|01|S|4|1.01.11.01|1.01.11|ATIVO NÃO CIRCULANTE MANTIDO PARA VENDA|
|J050|01012015|01|S|2|1.02|1|ATIVO NÃO CIRCULANTE|
|J050|01012015|01|S|3|1.02.01|1.02|REALIZÁVEL A LONGO PRAZO|
|J050|01012015|01|S|4|1.02.01.01|1.02.01|CRÉDITOS E VALORES - LONGO PRAZO|
|J050|01012015|01|S|4|1.02.01.02|1.02.01|VALORES MOBILIÁRIOS - NO PAÍS|
|J050|01012015|01|S|4|1.02.01.03|1.02.01|VALORES MOBILIÁRIOS - NO EXTERIOR|
|J050|01012015|01|S|4|1.02.01.05|1.02.01|ATIVOS FISCAIS DIFERIDOS - LONGO PRAZO|
|J050|01012015|01|S|4|1.02.01.07|1.02.01|CRÉDITOS EM CONTENCIOSO - LONGO PRAZO|
|J050|01012015|01|S|4|1.02.01.08|1.02.01|TRIBUTOS A RECUPERAR - Longo Prazo|
|J050|01012015|01|S|4|1.02.01.09|1.02.01|DESPESAS PAGAS ANTECIPADAMENTE - LONGO PRAZO|
|J050|01012015|01|S|4|1.02.01.10|1.02.01|ATIVO BIOLÓGICO - LONGO PRAZO|
|J050|01012015|01|S|4|1.02.01.15|1.02.01|OUTROS CRÉDITOS – LONGO PRAZO|
|J050|01012015|01|S|3|1.02.02|1.02|INVESTIMENTOS|
|J050|01012015|01|S|4|1.02.02.01|1.02.02|PARTICIPAÇÕES PERMANENTES EM SOCIEDADES - NO PAÍS|
|J050|01012015|01|S|4|1.02.02.02|1.02.02|PARTICIPAÇÕES PERMANENTES EM SOCIEDADES - NO EXTER|
|J050|01012015|01|S|4|1.02.02.03|1.02.02|PROPRIEDADES PARA INVESTIMENTO|
|J050|01012015|01|S|4|1.02.02.10|1.02.02|OUTROS INVESTIMENTOS PERMANENTES|
|J050|01012015|01|S|3|1.02.03|1.02|IMOBILIZADO|
|J050|01012015|01|S|4|1.02.03.01|1.02.03|IMOBILIZADO - AQUISIÇÃO|
|J050|01012015|01|A|5|1.02.03.01.05.10122|1.02.03.01|Benfeitorias em Imóveis de Terceiros|
|J051|0000|1.02.03.01.05|
|J050|01012015|01|A|5|1.02.03.01.05.10142|1.02.03.01|Benfeitorias em Imóveis de Terceiros|
|J051|0000|1.02.03.01.05|
|J050|01012015|01|A|5|1.02.03.01.06.10121|1.02.03.01|Máquinas, Equipamentos e Instalações Industriais|
|J051|0000|1.02.03.01.06|
|J050|01012015|01|A|5|1.02.03.01.06.10124|1.02.03.01|Máquinas, Equipamentos e Instalações Industriais|
|J051|0000|1.02.03.01.06|
|J050|01012015|01|A|5|1.02.03.01.06.10125|1.02.03.01|Máquinas, Equipamentos e Instalações Industriais|
|J051|0000|1.02.03.01.06|
|J050|01012015|01|A|5|1.02.03.01.06.10141|1.02.03.01|Máquinas, Equipamentos e Instalações Industriais|
|J051|0000|1.02.03.01.06|
|J050|01012015|01|A|5|1.02.03.01.06.10145|1.02.03.01|Máquinas, Equipamentos e Instalações Industriais|
|J051|0000|1.02.03.01.06|
|J050|01012015|01|A|5|1.02.03.01.06.10147|1.02.03.01|Máquinas, Equipamentos e Instalações Industriais|
|J051|0000|1.02.03.01.06|
|J050|01012015|01|A|5|1.02.03.01.07.10120|1.02.03.01|Móveis, Utensílios e Instalações Comerciais|
|J051|0000|1.02.03.01.07|
|J050|01012015|01|A|5|1.02.03.01.07.10140|1.02.03.01|Móveis, Utensílios e Instalações Comerciais|
|J051|0000|1.02.03.01.07|
|J050|01012015|01|A|5|1.02.03.01.28.10123|1.02.03.01|Outras Imobilizações por Aquisição|
|J051|0000|1.02.03.01.28|
|J050|01012015|01|A|5|1.02.03.01.28.10144|1.02.03.01|Outras Imobilizações por Aquisição|
|J051|0000|1.02.03.01.28|
|J050|01012015|01|S|4|1.02.03.02|1.02.03|IMOBILIZADO – LEASING FINANCEIRO|
|J050|01012015|01|S|4|1.02.03.04|1.02.03|ATIVO BIOLÓGICO - DE PRODUÇÃO|
|J050|01012015|01|S|4|1.02.03.05|1.02.03|OUTROS IMOBILIZADOS|
|J050|01012015|01|S|3|1.02.05|1.02|INTANGÍVEL|
|J050|01012015|01|S|4|1.02.05.01|1.02.05|ATIVOS INTANGÍVEIS|
|J050|01012015|01|A|5|1.02.05.01.20.10042|1.02.05.01|(-) Amortização Acumulada - Intangível|
|J051|0000|1.02.05.01.20|
|J050|01012015|01|A|5|1.02.05.01.28.10012|1.02.05.01|Outros Intangíveis|
|J051|0000|1.02.05.01.28|
|J050|01012015|01|S|3|1.02.06|1.02|DIFERIDO|
|J050|01012015|01|S|4|1.02.06.01|1.02.06|ATIVO DIFERIDO|
|J050|01012015|01|A|5|1.02.06.01.01.10151|1.02.06.01|Despesas Pré-Operacionais ou Pré-Industriais - Ati|
|J051|0000|1.02.06.01.01|
|J050|01012015|01|A|5|1.02.06.01.31.10187|1.02.06.01|(-) Amortização Acumulada - Ativo Diferido|
|J051|0000|1.02.06.01.31|
|J050|01012015|02|S|1|2||PASSIVO|
|J050|01012015|02|S|2|2.01|2|PASSIVO CIRCULANTE|
|J050|01012015|02|S|3|2.01.01|2.01|OBRIGAÇÕES DO CIRCULANTE|
|J050|01012015|02|S|4|2.01.01.01|2.01.01|BENEFÍCIOS E ENCARGOS SOCIAIS - CIRCULANTE|
|J050|01012015|02|A|5|2.01.01.01.01.20260|2.01.01.01|Salários e Remunerações a Pagar|
|J051|0000|2.01.01.01.01|
|J050|01012015|02|A|5|2.01.01.01.03.20261|2.01.01.01|INSS a Recolher|
|J051|0000|2.01.01.01.03|
|J050|01012015|02|A|5|2.01.01.01.04.20262|2.01.01.01|FGTS a Recolher|
|J051|0000|2.01.01.01.04|
|J050|01012015|02|A|5|2.01.01.01.09.20263|2.01.01.01|Demais Encargos a Recolher|
|J051|0000|2.01.01.01.09|
|J050|01012015|02|A|5|2.01.01.01.09.20264|2.01.01.01|Demais Encargos a Recolher|
|J051|0000|2.01.01.01.09|
|J050|01012015|02|S|4|2.01.01.03|2.01.01|FORNECEDORES – CIRCULANTE|
|J050|01012015|02|A|5|2.01.01.03.01.20212|2.01.01.03|Fornecedores - Operações com Partes Não Relacionad|
|J051|0000|2.01.01.03.01|
|J050|01012015|02|A|5|2.01.01.03.01.20214|2.01.01.03|Fornecedores - Operações com Partes Não Relacionad|
|J051|0000|2.01.01.03.01|
|J050|01012015|02|A|5|2.01.01.03.01.20218|2.01.01.03|Fornecedores - Operações com Partes Não Relacionad|
|J051|0000|2.01.01.03.01|
|J050|01012015|02|A|5|2.01.01.03.01.20219|2.01.01.03|Fornecedores - Operações com Partes Não Relacionad|
|J051|0000|2.01.01.03.01|
|J050|01012015|02|A|5|2.01.01.03.02.20213|2.01.01.03|Fornecedores - Operações com Partes Não Relacionad|
|J051|0000|2.01.01.03.02|
|J050|01012015|02|A|5|2.01.01.03.02.20216|2.01.01.03|Fornecedores - Operações com Partes Não Relacionad|
|J051|0000|2.01.01.03.02|
|J050|01012015|02|A|5|2.01.01.03.02.20217|2.01.01.03|Fornecedores - Operações com Partes Não Relacionad|
|J051|0000|2.01.01.03.02|
|J050|01012015|02|A|5|2.01.01.03.04.20211|2.01.01.03|Fornecedores - Operações com Partes Relacionadas -|
|J051|0000|2.01.01.03.04|
|J050|01012015|02|A|5|2.01.01.03.04.20215|2.01.01.03|Fornecedores - Operações com Partes Relacionadas -|
|J051|0000|2.01.01.03.04|
|J050|01012015|02|A|5|2.01.01.03.04.20220|2.01.01.03|Fornecedores - Operações com Partes Relacionadas -|
|J051|0000|2.01.01.03.04|
|J050|01012015|02|A|5|2.01.01.03.04.20221|2.01.01.03|Fornecedores - Operações com Partes Relacionadas -|
|J051|0000|2.01.01.03.04|
|J050|01012015|02|A|5|2.01.01.03.04.20222|2.01.01.03|Fornecedores - Operações com Partes Relacionadas -|
|J051|0000|2.01.01.03.04|
|J050|01012015|02|A|5|2.01.01.03.04.20233|2.01.01.03|Fornecedores - Operações com Partes Relacionadas -|
|J051|0000|2.01.01.03.04|
|J050|01012015|02|S|4|2.01.01.05|2.01.01|CONTAS A PAGAR – CIRCULANTE|
|J050|01012015|02|A|5|2.01.01.05.01.20240|2.01.01.05|Adiantamentos de Clientes - no País|
|J051|0000|2.01.01.05.01|
|J050|01012015|02|S|4|2.01.01.07|2.01.01|EMPRÉSTIMOS OU FINANCIAMENTOS – CIRCULANTE|
|J050|01012015|02|S|4|2.01.01.09|2.01.01|OBRIGAÇÕES FISCAIS – CIRCULANTE|
|J050|01012015|02|A|5|2.01.01.09.01.20244|2.01.01.09|IRRF a Recolher - Circulante|
|J051|0000|2.01.01.09.01|
|J050|01012015|02|A|5|2.01.01.09.04.20291|2.01.01.09|PIS a Recolher - Circulante|
|J051|0000|2.01.01.09.04|
|J050|01012015|02|A|5|2.01.01.09.05.20292|2.01.01.09|COFINS a Recolher - Circulante|
|J051|0000|2.01.01.09.05|
|J050|01012015|02|A|5|2.01.01.09.08.20290|2.01.01.09|Tributos Municipais a Recolher|
|J051|0000|2.01.01.09.08|
|J050|01012015|02|A|5|2.01.01.09.28.20245|2.01.01.09|Outros Tributos a Recolher - Circulante|
|J051|0000|2.01.01.09.28|
|J050|01012015|02|S|4|2.01.01.11|2.01.01|VALORES MOBILIÁRIOS – HEDGE – NO PAÍS|
|J050|01012015|02|S|4|2.01.01.12|2.01.01|VALORES MOBILIÁRIOS  - HEDGE - NO EXTERIOR|
|J050|01012015|02|S|4|2.01.01.13|2.01.01|TÍTULOS DE DÍVIDA – CIRCULANTE|
|J050|01012015|02|S|4|2.01.01.15|2.01.01|PROVISÕES – CIRCULANTE|
|J050|01012015|02|A|5|2.01.01.15.01.20300|2.01.01.15|Provisão para o Imposto de Renda|
|J051|0000|2.01.01.15.01|
|J050|01012015|02|A|5|2.01.01.15.02.20301|2.01.01.15|Provisão para a Contribuição Social sobre o Lucro|
|J051|0000|2.01.01.15.02|
|J050|01012015|02|A|5|2.01.01.15.03.20280|2.01.01.15|Provisão para Férias|
|J051|0000|2.01.01.15.03|
|J050|01012015|02|A|5|2.01.01.15.04.20281|2.01.01.15|Provisão para 13º Salário|
|J051|0000|2.01.01.15.04|
|J050|01012015|02|A|5|2.01.01.15.05.20282|2.01.01.15|Provisões de Natureza Trabalhista - Circulante|
|J051|0000|2.01.01.15.05|
|J050|01012015|02|A|5|2.01.01.15.05.20283|2.01.01.15|Provisões de Natureza Trabalhista - Circulante|
|J051|0000|2.01.01.15.05|
|J050|01012015|02|S|4|2.01.01.17|2.01.01|OUTRAS OBRIGAÇÕES - CIRCULANTE|
|J050|01012015|02|A|5|2.01.01.17.13.20246|2.01.01.17|Dividendos a Pagar – Circulante|
|J051|0000|2.01.01.17.13|
|J050|01012015|02|A|5|2.01.01.17.28.20241|2.01.01.17|Outras Obrigações – Circulante|
|J051|0000|2.01.01.17.28|
|J050|01012015|02|A|5|2.01.01.17.28.20242|2.01.01.17|Outras Obrigações – Circulante|
|J051|0000|2.01.01.17.28|
|J050|01012015|02|A|5|2.01.01.17.28.20243|2.01.01.17|Outras Obrigações – Circulante|
|J051|0000|2.01.01.17.28|
|J050|01012015|02|A|5|2.01.01.17.28.20247|2.01.01.17|Outras Obrigações – Circulante|
|J051|0000|2.01.01.17.28|
|J050|01012015|02|S|4|2.01.01.19|2.01.01|Receitas Diferidas|
|J050|01012015|02|S|2|2.02|2|PASSIVO NÃO-CIRCULANTE|
|J050|01012015|02|S|3|2.02.01|2.02|OBRIGAÇÕES A LONGO PRAZO|
|J050|01012015|02|S|4|2.02.01.01|2.02.01|EMPRÉSTIMOS E FINANCIAMENTOS - LONGO PRAZO|
|J050|01012015|02|A|5|2.02.01.01.02.20200|2.02.01.01|Fornecedores - No Exterior - Longo Prazo|
|J051|0000|2.02.01.01.02|
|J050|01012015|02|A|5|2.02.01.01.02.20201|2.02.01.01|Fornecedores - No Exterior - Longo Prazo|
|J051|0000|2.02.01.01.02|
|J050|01012015|02|A|5|2.02.01.01.02.20202|2.02.01.01|Fornecedores - No Exterior - Longo Prazo|
|J051|0000|2.02.01.01.02|
|J050|01012015|02|A|5|2.02.01.01.02.20203|2.02.01.01|Fornecedores - No Exterior - Longo Prazo|
|J051|0000|2.02.01.01.02|
|J050|01012015|02|A|5|2.02.01.01.02.20204|2.02.01.01|Fornecedores - No Exterior - Longo Prazo|
|J051|0000|2.02.01.01.02|
|J050|01012015|02|A|5|2.02.01.01.02.20205|2.02.01.01|Fornecedores - No Exterior - Longo Prazo|
|J051|0000|2.02.01.01.02|
|J050|01012015|02|A|5|2.02.01.01.02.20206|2.02.01.01|Fornecedores - No Exterior - Longo Prazo|
|J051|0000|2.02.01.01.02|
|J050|01012015|02|A|5|2.02.01.01.02.20207|2.02.01.01|Fornecedores - No Exterior - Longo Prazo|
|J051|0000|2.02.01.01.02|
|J050|01012015|02|A|5|2.02.01.01.02.20208|2.02.01.01|Fornecedores - No Exterior - Longo Prazo|
|J051|0000|2.02.01.01.02|
|J050|01012015|02|A|5|2.02.01.01.02.20210|2.02.01.01|Fornecedores - No Exterior - Longo Prazo|
|J051|0000|2.02.01.01.02|
|J050|01012015|02|A|5|2.02.01.01.02.20303|2.02.01.01|Fornecedores - No Exterior - Longo Prazo|
|J051|0000|2.02.01.01.02|
|J050|01012015|02|S|4|2.02.01.02|2.02.01|BENEFÍCIOS A EMPREGADOS - LONGO PRAZO|
|J050|01012015|02|S|4|2.02.01.03|2.02.01|OBRIGAÇÕES FISCAIS - LONGO PRAZO|
|J050|01012015|02|S|4|2.02.01.05|2.02.01|PASSIVOS FISCAIS DIFERIDOS - LONGO PRAZO|
|J050|01012015|02|S|4|2.02.01.07|2.02.01|TÍTULOS DE DÍVIDA - LONGO PRAZO|
|J050|01012015|02|S|4|2.02.01.09|2.02.01|PROVISÕES - LONGO PRAZO|
|J050|01012015|02|A|5|2.02.01.09.02.20302|2.02.01.09|Provisões de Natureza Tributária - Longo Prazo|
|J051|0000|2.02.01.09.02|
|J050|01012015|02|S|4|2.02.01.10|2.02.01|OBRIGAÇÕES FISCAIS – LONGO PRAZO|
|J050|01012015|02|S|4|2.02.01.11|2.02.01|OUTRAS OBRIGAÇÕES - LONGO PRAZO|
|J050|01012015|02|S|4|2.02.01.21|2.02.01|RECEITAS DIFERIDAS|
|J050|01012015|03|S|2|2.03|2|PATRIMÔNIO LÍQUIDO|
|J050|01012015|03|S|3|2.03.01|2.03|CAPITAL SOCIAL|
|J050|01012015|03|S|4|2.03.01.01|2.03.01|CAPITAL REALIZADO - DE RESIDENTE NO PAÍS|
|J050|01012015|03|S|4|2.03.01.02|2.03.01|CAPITAL REALIZADO - DE NÃO RESIDENTE NO PAÍS|
|J050|01012015|03|A|5|2.03.01.02.01.20320|2.03.01.02|Capital Subscrito de Domiciliados e Residentes no|
|J051|0000|2.03.01.02.01|
|J050|01012015|03|A|5|2.03.01.02.10.20321|2.03.01.02|(-) Capital a Integralizar de Domiciliados e Resid|
|J051|0000|2.03.01.02.10|
|J050|01012015|03|S|4|2.03.01.10|2.03.01|GASTOS COM EMISSÕES DE TÍTULOS PATRIMONIAIS|
|J050|01012015|03|S|3|2.03.02|2.03|RESERVAS|
|J050|01012015|03|S|4|2.03.02.01|2.03.02|RESERVAS DE CAPITAL|
|J050|01012015|03|S|4|2.03.02.02|2.03.02|RESERVAS DE REAVALIAÇÃO|
|J050|01012015|03|S|4|2.03.02.03|2.03.02|RESERVAS DE LUCROS|
|J050|01012015|03|S|3|2.03.03|2.03|AJUSTES DE AVALIAÇÃO PATRIMONIAL|
|J050|01012015|03|S|4|2.03.03.01|2.03.03|AJUSTES DE AVALIAÇÃO PATRIMONIAL|
|J050|01012015|03|S|4|2.03.03.02|2.03.03|AJUSTES DE AVALIAÇÃO PATRIMONIAL - REFLEXOS|
|J050|01012015|03|S|3|2.03.04|2.03|OUTRAS CONTAS DO PATRIMÔNIO LÍQUIDO|
|J050|01012015|03|S|4|2.03.04.01|2.03.04|OUTRAS CONTAS DO PATRIMÔNIO LÍQUIDO|
|J050|01012015|03|A|5|2.03.04.01.01.20350|2.03.04.01|Lucros Acumulados e/ou Saldo à Disposição da Assem|
|J051|0000|2.03.04.01.01|
|J050|01012015|03|A|5|2.03.04.01.11.20360|2.03.04.01|(-) Prejuízos Acumulados|
|J051|0000|2.03.04.01.11|
|J050|01012015|03|A|5|2.03.04.01.90.20380|2.03.04.01|Contas do Patrimônio Líquido Não Classificadas|
|J051|0000|2.03.04.01.90|
|J050|01012015|03|A|5|2.03.04.01.90.20390|2.03.04.01|Contas do Patrimônio Líquido Não Classificadas|
|J051|0000|2.03.04.01.90|
|J050|01012015|02|S|2|2.07|2|PATRIMÔNIO LÍQUIDO|
|J050|01012015|02|S|3|2.07.01|2.07|CAPITAL REALIZADO|
|J050|01012015|02|S|4|2.07.01.01|2.07.01|Capital Subscrito de Domiciliados e Residentes no|
|J050|01012015|02|S|4|2.07.01.02|2.07.01|(-) Capital a Integralizar de Domiciliados e Resid|
|J050|01012015|04|S|1|3||RESULTADO LÍQUIDO DO PERÍODO|
|J050|01012015|04|S|2|3.01|3|RESULTADO LÍQ ANTES DO IRPJ E DA CSLL|
|J050|01012015|04|S|3|3.01.01|3.01|RESULTADO OPERACIONAL|
|J050|01012015|04|S|4|3.01.01.01|3.01.01|RECEITA LIQUIDA|
|J050|01012015|04|S|5|3.01.01.01.01|3.01.01.01|RECEITA BRUTA|
|J050|01012015|04|A|6|3.01.01.01.01.06.30402|3.01.01.01.01|Receita da Prestação de Serviços no Mercado Intern|
|J051|1332|3.01.01.01.01.06|
|J050|01012015|04|A|6|3.01.01.01.01.06.30403|3.01.01.01.01|Receita da Prestação de Serviços no Mercado Intern|
|J051|1332|3.01.01.01.01.06|
|J050|01012015|04|A|6|3.01.01.01.01.06.30404|3.01.01.01.01|Receita da Prestação de Serviços no Mercado Intern|
|J051|1332|3.01.01.01.01.06|
|J050|01012015|04|A|6|3.01.01.01.01.06.30405|3.01.01.01.01|Receita da Prestação de Serviços no Mercado Intern|
|J051|1332|3.01.01.01.02.01|
|J050|01012015|04|A|6|3.01.01.01.01.06.30406|3.01.01.01.01|Receita da Prestação de Serviços no Mercado Intern|
|J051|1332|3.01.01.01.02.01|
|J050|01012015|04|S|5|3.01.01.01.02|3.01.01.01|DEDUÇÕES DA RECEITA BRUTA|
|J050|01012015|04|A|6|3.01.01.01.02.04.30422|3.01.01.01.02|(-) COFINS Sobre Receita Bruta|
|J051|1332|3.01.01.01.02.04|
|J050|01012015|04|A|6|3.01.01.01.02.05.30421|3.01.01.01.02|(-) PIS/PASEP Sobre Receita Bruta|
|J051|1332|3.01.01.01.02.05|
|J050|01012015|04|A|6|3.01.01.01.02.06.30420|3.01.01.01.02|(-) ISS|
|J051|1332|3.01.01.01.02.06|
|J050|01012015|04|S|5|3.01.01.01.03|3.01.01.01|CUSTO DOS BENS E SERVIÇOS|
|J050|01012015|04|A|6|3.01.01.01.03.01.30533|3.01.01.01.03|CUSTO DOS BENS E SERVIÇOS|
|J051|9205|3.01.01.07.01.36|
|J050|01012015|04|A|6|3.01.01.01.03.01.30534|3.01.01.01.03|CUSTO DOS BENS E SERVIÇOS|
|J051|1332|3.01.01.03.01.03|
|J051|2303|3.01.01.03.01.03|
|J051|2308|3.01.01.03.01.03|
|J051|8513|3.01.01.03.01.03|
|J051|9205|3.01.01.03.01.03|
|J050|01012015|04|A|6|3.01.01.01.03.01.30536|3.01.01.01.03|CUSTO DOS BENS E SERVIÇOS|
|J051|1332|3.01.01.07.01.38|
|J051|1334|3.01.01.07.01.38|
|J051|5513|3.01.01.07.01.38|
|J051|5542|3.01.01.07.01.38|
|J051|5544|3.01.01.07.01.38|
|J051|6457|3.01.01.07.01.38|
|J051|6459|3.01.01.07.01.38|
|J051|9205|3.01.01.07.01.38|
|J050|01012015|04|A|6|3.01.01.01.03.01.30537|3.01.01.01.03|CUSTO DOS BENS E SERVIÇOS|
|J051|1332|3.01.01.07.01.39|
|J051|1334|3.01.01.07.01.39|
|J051|2308|3.01.01.07.01.39|
|J051|5513|3.01.01.07.01.39|
|J051|5542|3.01.01.07.01.39|
|J051|5544|3.01.01.07.01.39|
|J051|9205|3.01.01.07.01.39|
|J050|01012015|04|A|6|3.01.01.01.03.01.30538|3.01.01.01.03|CUSTO DOS BENS E SERVIÇOS|
|J051|1332|3.01.01.03.01.03|
|J051|2303|3.01.01.03.01.03|
|J051|2308|3.01.01.03.01.03|
|J051|5513|3.01.01.03.01.03|
|J051|5542|3.01.01.03.01.03|
|J051|5544|3.01.01.03.01.03|
|J051|5562|3.01.01.03.01.03|
|J051|5914|3.01.01.03.01.03|
|J051|6057|3.01.01.03.01.03|
|J051|8513|3.01.01.03.01.03|
|J051|9205|3.01.01.03.01.03|
|J050|01012015|04|A|6|3.01.01.01.03.01.30539|3.01.01.01.03|CUSTO DOS BENS E SERVIÇOS|
|J051|1332|3.01.01.03.01.03|
|J051|1334|3.01.01.03.01.03|
|J051|5544|3.01.01.03.01.03|
|J050|01012015|04|S|4|3.01.01.03|3.01.01|CUSTO DOS BENS E SERVIÇOS|
|J050|01012015|04|S|5|3.01.01.03.01|3.01.01.03|CUSTO DOS BENS E SERVIÇOS VENDIDOS DAS ATIVIDADES|
|J050|01012015|04|S|4|3.01.01.05|3.01.01|OUTRAS RECEITAS OPERACIONAIS|
|J050|01012015|04|S|5|3.01.01.05.01|3.01.01.05|OUTRAS RECEITAS OPERACIONAIS|
|J050|01012015|04|A|6|3.01.01.05.01.01.30624|3.01.01.05.01|Variações Cambiais Ativas|
|J051|8513|3.01.01.05.01.01|
|J050|01012015|04|A|6|3.01.01.05.01.01.30626|3.01.01.05.01|Variações Cambiais Ativas|
|J051|8513|3.01.01.05.01.01|
|J050|01012015|04|A|6|3.01.01.05.01.05.30681|3.01.01.05.01|Outras Receitas Financeiras|
|J051|8513|3.01.01.05.01.05|
|J050|01012015|04|S|4|3.01.01.07|3.01.01|DESPESAS OPERACIONAIS|
|J050|01012015|04|S|5|3.01.01.07.01|3.01.01.07|DESPESAS OPERACIONAIS DAS ATIVIDADES EM GERAL|
|J050|01012015|04|A|6|3.01.01.07.01.02.30500|3.01.01.07.01|(-) Ordenados, Salários, Gratificações e Outras Re|
|J051|1332|3.01.01.07.01.02|
|J051|1334|3.01.01.07.01.02|
|J051|1339|3.01.01.07.01.02|
|J051|1342|3.01.01.07.01.02|
|J051|2104|3.01.01.07.01.02|
|J051|2203|3.01.01.07.01.02|
|J051|2206|3.01.01.07.01.02|
|J051|2303|3.01.01.07.01.02|
|J051|2308|3.01.01.07.01.02|
|J051|4014|3.01.01.07.01.02|
|J051|5524|3.01.01.07.01.02|
|J051|5542|3.01.01.07.01.02|
|J051|5544|3.01.01.07.01.02|
|J051|5562|3.01.01.07.01.02|
|J051|5914|3.01.01.07.01.02|
|J051|6457|3.01.01.07.01.02|
|J051|8513|3.01.01.07.01.02|
|J051|9205|3.01.01.07.01.02|
|J050|01012015|04|A|6|3.01.01.07.01.02.30505|3.01.01.07.01|(-) Ordenados, Salários, Gratificações e Outras Re|
|J051|1332|3.01.01.07.01.02|
|J051|1334|3.01.01.07.01.02|
|J051|1339|3.01.01.07.01.02|
|J051|5562|3.01.01.07.01.02|
|J050|01012015|04|A|6|3.01.01.07.01.03.30507|3.01.01.07.01|(-) Outros Gastos com Pessoal|
|J051|1332|3.01.01.07.01.03|
|J051|1334|3.01.01.07.01.03|
|J051|8513|3.01.01.07.01.03|
|J050|01012015|04|A|6|3.01.01.07.01.03.30521|3.01.01.07.01|(-) Outros Gastos com Pessoal|
|J051|1332|3.01.01.07.01.03|
|J051|1334|3.01.01.07.01.03|
|J051|1339|3.01.01.07.01.03|
|J051|1342|3.01.01.07.01.03|
|J051|2303|3.01.01.07.01.03|
|J051|5524|3.01.01.07.01.03|
|J051|5562|3.01.01.07.01.03|
|J051|8513|3.01.01.07.01.03|
|J050|01012015|04|A|6|3.01.01.07.01.03.30523|3.01.01.07.01|(-) Outros Gastos com Pessoal|
|J051|1332|3.01.01.07.01.03|
|J051|1334|3.01.01.07.01.03|
|J051|1339|3.01.01.07.01.03|
|J051|1342|3.01.01.07.01.03|
|J051|2203|3.01.01.07.01.03|
|J051|2206|3.01.01.07.01.03|
|J051|2303|3.01.01.07.01.03|
|J051|2308|3.01.01.07.01.03|
|J051|4014|3.01.01.07.01.03|
|J051|5524|3.01.01.07.01.03|
|J051|5542|3.01.01.07.01.03|
|J051|5544|3.01.01.07.01.03|
|J051|5562|3.01.01.07.01.03|
|J051|5914|3.01.01.07.01.03|
|J051|6457|3.01.01.07.01.03|
|J051|8513|3.01.01.07.01.03|
|J050|01012015|04|A|6|3.01.01.07.01.03.30524|3.01.01.07.01|(-) Outros Gastos com Pessoal|
|J051|1332|3.01.01.07.01.03|
|J051|1334|3.01.01.07.01.03|
|J051|1339|3.01.01.07.01.03|
|J051|2303|3.01.01.07.01.03|
|J051|2308|3.01.01.07.01.03|
|J051|4014|3.01.01.07.01.03|
|J051|5524|3.01.01.07.01.03|
|J051|5542|3.01.01.07.01.03|
|J051|5544|3.01.01.07.01.03|
|J051|5562|3.01.01.07.01.03|
|J051|5914|3.01.01.07.01.03|
|J051|6457|3.01.01.07.01.03|
|J051|8513|3.01.01.07.01.03|
|J050|01012015|04|A|6|3.01.01.07.01.03.30525|3.01.01.07.01|(-) Outros Gastos com Pessoal|
|J051|1332|3.01.01.07.01.03|
|J051|1334|3.01.01.07.01.03|
|J051|5542|3.01.01.07.01.03|
|J051|5544|3.01.01.07.01.03|
|J051|8513|3.01.01.07.01.03|
|J051|9135|3.01.01.07.01.03|
|J050|01012015|04|A|6|3.01.01.07.01.03.30526|3.01.01.07.01|(-) Outros Gastos com Pessoal|
|J051|1332|3.01.01.07.01.03|
|J051|1334|3.01.01.07.01.03|
|J051|2303|3.01.01.07.01.03|
|J051|2308|3.01.01.07.01.03|
|J051|4014|3.01.01.07.01.03|
|J051|5914|3.01.01.07.01.03|
|J051|6457|3.01.01.07.01.03|
|J051|8513|3.01.01.07.01.03|
|J050|01012015|04|A|6|3.01.01.07.01.04.30620|3.01.01.07.01|(-) Outros Serviços Prestados  por Pessoa Física o|
|J051|0000|3.01.01.07.01.04|
|J051|1332|3.01.01.07.01.04|
|J051|6457|3.01.01.07.01.04|
|J051|8513|3.01.01.07.01.04|
|J051|8552|3.01.01.07.01.04|
|J051|9605|3.01.01.07.01.04|
|J050|01012015|04|A|6|3.01.01.07.01.04.30621|3.01.01.07.01|(-) Outros Serviços Prestados  por Pessoa Física o|
|J051|8513|3.01.01.07.01.04|
|J050|01012015|04|A|6|3.01.01.07.01.04.30622|3.01.01.07.01|(-) Outros Serviços Prestados  por Pessoa Física o|
|J051|1332|3.01.01.07.01.04|
|J051|1334|3.01.01.07.01.04|
|J051|5513|3.01.01.07.01.04|
|J051|5542|3.01.01.07.01.04|
|J051|5544|3.01.01.07.01.04|
|J051|5562|3.01.01.07.01.04|
|J051|5913|3.01.01.07.01.04|
|J051|8513|3.01.01.07.01.04|
|J051|9205|3.01.01.07.01.04|
|J051|9720|3.01.01.07.01.04|
|J050|01012015|04|A|6|3.01.01.07.01.04.30623|3.01.01.07.01|(-) Outros Serviços Prestados  por Pessoa Física o|
|J051|1332|3.01.01.07.01.04|
|J051|3133|3.01.01.07.01.04|
|J051|5513|3.01.01.07.01.04|
|J051|5544|3.01.01.07.01.04|
|J051|6457|3.01.01.07.01.04|
|J051|8513|3.01.01.07.01.04|
|J051|9205|3.01.01.07.01.04|
|J050|01012015|04|A|6|3.01.01.07.01.04.30627|3.01.01.07.01|(-) Outros Serviços Prestados  por Pessoa Física o|
|J051|5513|3.01.01.07.01.04|
|J051|8513|3.01.01.07.01.04|
|J051|9205|3.01.01.07.01.04|
|J050|01012015|04|A|6|3.01.01.07.01.04.30628|3.01.01.07.01|(-) Outros Serviços Prestados  por Pessoa Física o|
|J051|1332|3.01.01.07.01.04|
|J051|8513|3.01.01.07.01.04|
|J051|9205|3.01.01.07.01.04|
|J050|01012015|04|A|6|3.01.01.07.01.05.30511|3.01.01.07.01|(-) Encargos Sociais - Previdência Social|
|J051|1332|3.01.01.07.01.05|
|J051|1334|3.01.01.07.01.05|
|J051|1339|3.01.01.07.01.05|
|J051|1342|3.01.01.07.01.05|
|J051|2203|3.01.01.07.01.05|
|J051|2206|3.01.01.07.01.05|
|J051|2303|3.01.01.07.01.05|
|J051|2308|3.01.01.07.01.05|
|J051|4014|3.01.01.07.01.05|
|J051|5513|3.01.01.07.01.05|
|J051|5524|3.01.01.07.01.05|
|J051|5542|3.01.01.07.01.05|
|J051|5544|3.01.01.07.01.05|
|J051|5562|3.01.01.07.01.05|
|J051|5914|3.01.01.07.01.05|
|J051|6457|3.01.01.07.01.05|
|J051|8513|3.01.01.07.01.05|
|J050|01012015|04|A|6|3.01.01.07.01.06.30512|3.01.01.07.01|(-) Encargos Sociais - FGTS|
|J051|1332|3.01.01.07.01.06|
|J051|1334|3.01.01.07.01.06|
|J051|1339|3.01.01.07.01.06|
|J051|1342|3.01.01.07.01.06|
|J051|2203|3.01.01.07.01.06|
|J051|2206|3.01.01.07.01.06|
|J051|2303|3.01.01.07.01.06|
|J051|2308|3.01.01.07.01.06|
|J051|4014|3.01.01.07.01.06|
|J051|5524|3.01.01.07.01.06|
|J051|5542|3.01.01.07.01.06|
|J051|5544|3.01.01.07.01.06|
|J051|5562|3.01.01.07.01.06|
|J051|5914|3.01.01.07.01.06|
|J051|6457|3.01.01.07.01.06|
|J051|8513|3.01.01.07.01.06|
|J050|01012015|04|A|6|3.01.01.07.01.07.30503|3.01.01.07.01|(-) Encargos Sociais – Outros|
|J051|1334|3.01.01.07.01.07|
|J051|2303|3.01.01.07.01.07|
|J051|2308|3.01.01.07.01.07|
|J051|5542|3.01.01.07.01.07|
|J051|5544|3.01.01.07.01.07|
|J051|5914|3.01.01.07.01.07|
|J051|6457|3.01.01.07.01.07|
|J051|8513|3.01.01.07.01.07|
|J050|01012015|04|A|6|3.01.01.07.01.07.30504|3.01.01.07.01|(-) Encargos Sociais – Outros|
|J051|1332|3.01.01.07.01.07|
|J051|1334|3.01.01.07.01.07|
|J051|1339|3.01.01.07.01.07|
|J051|1342|3.01.01.07.01.07|
|J051|2203|3.01.01.07.01.07|
|J051|2206|3.01.01.07.01.07|
|J051|2303|3.01.01.07.01.07|
|J051|2308|3.01.01.07.01.07|
|J051|4014|3.01.01.07.01.07|
|J051|5524|3.01.01.07.01.07|
|J051|5542|3.01.01.07.01.07|
|J051|5544|3.01.01.07.01.07|
|J051|5562|3.01.01.07.01.07|
|J051|5914|3.01.01.07.01.07|
|J051|6457|3.01.01.07.01.07|
|J051|8513|3.01.01.07.01.07|
|J050|01012015|04|A|6|3.01.01.07.01.13.30520|3.01.01.07.01|(-) Alimentação do Trabalhador|
|J051|1332|3.01.01.07.01.13|
|J051|1334|3.01.01.07.01.13|
|J051|1339|3.01.01.07.01.13|
|J051|1342|3.01.01.07.01.13|
|J051|2203|3.01.01.07.01.13|
|J051|2206|3.01.01.07.01.13|
|J051|2303|3.01.01.07.01.13|
|J051|2308|3.01.01.07.01.13|
|J051|4014|3.01.01.07.01.13|
|J051|5524|3.01.01.07.01.13|
|J051|5542|3.01.01.07.01.13|
|J051|5544|3.01.01.07.01.13|
|J051|5562|3.01.01.07.01.13|
|J051|5914|3.01.01.07.01.13|
|J051|6457|3.01.01.07.01.13|
|J051|8513|3.01.01.07.01.13|
|J050|01012015|04|A|6|3.01.01.07.01.16.30543|3.01.01.07.01|(-) Demais Impostos, Taxas e Contribuições, exceto|
|J051|9205|3.01.01.07.01.16|
|J050|01012015|04|A|6|3.01.01.07.01.16.30580|3.01.01.07.01|(-) Demais Impostos, Taxas e Contribuições, exceto|
|J051|1332|3.01.01.07.01.16|
|J051|5542|3.01.01.07.01.16|
|J051|6457|3.01.01.07.01.16|
|J051|6557|3.01.01.07.01.16|
|J051|8513|3.01.01.07.01.16|
|J051|9125|3.01.01.07.01.16|
|J050|01012015|04|A|6|3.01.01.07.01.18.30530|3.01.01.07.01|(-) Aluguéis|
|J051|8513|3.01.01.07.01.18|
|J051|9205|3.01.01.07.01.18|
|J050|01012015|04|A|6|3.01.01.07.01.18.30531|3.01.01.07.01|(-) Aluguéis|
|J051|1332|3.01.01.07.01.18|
|J051|9205|3.01.01.07.01.18|
|J050|01012015|04|A|6|3.01.01.07.01.18.30542|3.01.01.07.01|(-) Aluguéis|
|J051|1332|3.01.01.07.01.18|
|J051|8513|3.01.01.07.01.18|
|J051|9205|3.01.01.07.01.18|
|J050|01012015|04|A|6|3.01.01.07.01.18.30595|3.01.01.07.01|(-) Aluguéis|
|J051|9205|3.01.01.07.01.18|
|J050|01012015|04|A|6|3.01.01.07.01.19.30532|3.01.01.07.01|(-) Despesas com Veículos e de Conservação de Bens|
|J051|1332|3.01.01.07.01.19|
|J051|2308|3.01.01.07.01.19|
|J051|3133|3.01.01.07.01.19|
|J051|5513|3.01.01.07.01.19|
|J051|5544|3.01.01.07.01.19|
|J051|6457|3.01.01.07.01.19|
|J051|8513|3.01.01.07.01.19|
|J051|9205|3.01.01.07.01.19|
|J050|01012015|04|A|6|3.01.01.07.01.20.30564|3.01.01.07.01|(-) Propaganda, Publicidade e Patrocínio|
|J051|5914|3.01.01.07.01.20|
|J051|6057|3.01.01.07.01.20|
|J050|01012015|04|A|6|3.01.01.07.01.20.30571|3.01.01.07.01|(-) Propaganda, Publicidade e Patrocínio|
|J051|1332|3.01.01.07.01.20|
|J051|1349|3.01.01.07.01.20|
|J051|2303|3.01.01.07.01.20|
|J051|2308|3.01.01.07.01.20|
|J051|5542|3.01.01.07.01.20|
|J051|5913|3.01.01.07.01.20|
|J051|5914|3.01.01.07.01.20|
|J051|6057|3.01.01.07.01.20|
|J051|8513|3.01.01.07.01.20|
|J051|9105|3.01.01.07.01.20|
|J051|9205|3.01.01.07.01.20|
|J050|01012015|04|A|6|3.01.01.07.01.20.30572|3.01.01.07.01|(-) Propaganda, Publicidade e Patrocínio|
|J051|1111|3.01.01.07.01.20|
|J051|1332|3.01.01.07.01.20|
|J051|2103|3.01.01.07.01.20|
|J051|2104|3.01.01.07.01.20|
|J051|2203|3.01.01.07.01.20|
|J051|2206|3.01.01.07.01.20|
|J051|2303|3.01.01.07.01.20|
|J051|2308|3.01.01.07.01.20|
|J051|5913|3.01.01.07.01.20|
|J051|5914|3.01.01.07.01.20|
|J050|01012015|04|A|6|3.01.01.07.01.20.30574|3.01.01.07.01|(-) Propaganda, Publicidade e Patrocínio|
|J051|8513|3.01.01.07.01.20|
|J050|01012015|04|A|6|3.01.01.07.01.20.30575|3.01.01.07.01|(-) Propaganda, Publicidade e Patrocínio|
|J051|1332|3.01.01.07.01.20|
|J051|8513|3.01.01.07.01.20|
|J050|01012015|04|A|6|3.01.01.07.01.20.30576|3.01.01.07.01|(-) Propaganda, Publicidade e Patrocínio|
|J051|8513|3.01.01.07.01.20|
|J050|01012015|04|A|6|3.01.01.07.01.20.30597|3.01.01.07.01|(-) Propaganda, Publicidade e Patrocínio|
|J051|1332|3.01.01.07.01.20|
|J051|2308|3.01.01.07.01.20|
|J051|5542|3.01.01.07.01.20|
|J051|8513|3.01.01.07.01.20|
|J050|01012015|04|A|6|3.01.01.07.01.20.30625|3.01.01.07.01|(-) Propaganda, Publicidade e Patrocínio|
|J051|1332|3.01.01.07.01.20|
|J051|2104|3.01.01.07.01.20|
|J051|9720|3.01.01.07.01.20|
|J050|01012015|04|A|6|3.01.01.07.01.22.30592|3.01.01.07.01|(-) Multas|
|J051|8513|3.01.01.07.01.22|
|J050|01012015|04|A|6|3.01.01.07.01.23.30540|3.01.01.07.01|(-) Encargos de Depreciação|
|J051|9205|3.01.01.07.01.23|
|J050|01012015|04|A|6|3.01.01.07.01.27.30501|3.01.01.07.01|(-) Provisões para 13º Salário de Empregados|
|J051|1334|3.01.01.07.01.27|
|J051|2303|3.01.01.07.01.27|
|J051|2308|3.01.01.07.01.27|
|J051|5542|3.01.01.07.01.27|
|J051|5544|3.01.01.07.01.27|
|J051|5914|3.01.01.07.01.27|
|J051|6457|3.01.01.07.01.27|
|J051|8513|3.01.01.07.01.27|
|J050|01012015|04|A|6|3.01.01.07.01.27.30502|3.01.01.07.01|(-) Provisões para 13º Salário de Empregados|
|J051|1332|3.01.01.07.01.27|
|J051|1334|3.01.01.07.01.27|
|J051|1339|3.01.01.07.01.27|
|J051|1342|3.01.01.07.01.27|
|J051|2203|3.01.01.07.01.27|
|J051|2206|3.01.01.07.01.27|
|J051|2303|3.01.01.07.01.27|
|J051|2308|3.01.01.07.01.27|
|J051|4014|3.01.01.07.01.27|
|J051|5524|3.01.01.07.01.27|
|J051|5542|3.01.01.07.01.27|
|J051|5544|3.01.01.07.01.27|
|J051|5562|3.01.01.07.01.27|
|J051|5914|3.01.01.07.01.27|
|J051|6457|3.01.01.07.01.27|
|J051|8513|3.01.01.07.01.27|
|J050|01012015|04|A|6|3.01.01.07.01.28.30604|3.01.01.07.01|(-) Provisão para Perda de Estoque|
|J051|1332|3.01.01.07.01.28|
|J051|8513|3.01.01.07.01.28|
|J050|01012015|04|A|6|3.01.01.07.01.29.30605|3.01.01.07.01|(-) Demais Provisões|
|J051|8513|3.01.01.07.01.29|
|J050|01012015|04|A|6|3.01.01.07.01.29.30606|3.01.01.07.01|(-) Demais Provisões|
|J051|8513|3.01.01.07.01.29|
|J050|01012015|04|A|6|3.01.01.07.01.32.30544|3.01.01.07.01|(-) Royalties e Assistência Técnica - no EXTERIOR|
|J051|8513|3.01.01.07.01.32|
|J050|01012015|04|A|6|3.01.01.07.01.33.30522|3.01.01.07.01|(-) Assistência Médica, Odontológica e Farmacêutic|
|J051|1332|3.01.01.07.01.33|
|J051|1334|3.01.01.07.01.33|
|J051|1339|3.01.01.07.01.33|
|J051|1342|3.01.01.07.01.33|
|J051|2203|3.01.01.07.01.33|
|J051|2206|3.01.01.07.01.33|
|J051|2303|3.01.01.07.01.33|
|J051|2308|3.01.01.07.01.33|
|J051|4014|3.01.01.07.01.33|
|J051|5524|3.01.01.07.01.33|
|J051|5542|3.01.01.07.01.33|
|J051|5544|3.01.01.07.01.33|
|J051|5562|3.01.01.07.01.33|
|J051|5914|3.01.01.07.01.33|
|J051|6457|3.01.01.07.01.33|
|J051|8513|3.01.01.07.01.33|
|J050|01012015|04|A|6|3.01.01.07.01.38.30550|3.01.01.07.01|(-) Despesas com Telefone e Internet|
|J051|1332|3.01.01.07.01.38|
|J051|1334|3.01.01.07.01.38|
|J051|5542|3.01.01.07.01.38|
|J051|5544|3.01.01.07.01.38|
|J051|5562|3.01.01.07.01.38|
|J051|6457|3.01.01.07.01.38|
|J051|6459|3.01.01.07.01.38|
|J051|9205|3.01.01.07.01.38|
|J050|01012015|04|A|6|3.01.01.07.01.39.30535|3.01.01.07.01|(-) Despesas com Correios e Malotes|
|J051|9205|3.01.01.07.01.39|
|J050|01012015|04|A|6|3.01.01.07.01.40.30541|3.01.01.07.01|(-) Despesas com Seguros|
|J051|8513|3.01.01.07.01.40|
|J051|9205|3.01.01.07.01.40|
|J050|01012015|04|A|6|3.01.01.07.01.98.30601|3.01.01.07.01|(-) DESPESAS COM DIREITOS AUTORAIS|
|J051|1332|3.01.01.03.01.03|
|J050|01012015|04|A|6|3.01.01.07.01.98.30607|3.01.01.07.01|(-) DESPESAS COM DIREITOS AUTORAIS|
|J051|1332|3.01.01.03.01.03|
|J051|1334|3.01.01.03.01.03|
|J050|01012015|04|A|6|3.01.01.07.01.98.30608|3.01.01.07.01|(-) DESPESAS COM DIREITOS AUTORAIS|
|J051|1332|3.01.01.03.01.03|
|J050|01012015|04|A|6|3.01.01.07.01.99.30560|3.01.01.07.01|(-) DESPESAS COM REPRESENTAÇÃO|
|J051|1332|3.01.01.09.01.99|
|J051|1334|3.01.01.09.01.99|
|J051|2203|3.01.01.09.01.99|
|J051|2302|3.01.01.09.01.99|
|J051|2308|3.01.01.09.01.99|
|J051|3133|3.01.01.09.01.99|
|J051|4014|3.01.01.09.01.99|
|J051|5513|3.01.01.09.01.99|
|J051|5542|3.01.01.09.01.99|
|J051|5544|3.01.01.09.01.99|
|J051|5914|3.01.01.09.01.99|
|J051|6052|3.01.01.09.01.99|
|J051|6057|3.01.01.09.01.99|
|J051|6457|3.01.01.09.01.99|
|J051|8513|3.01.01.09.01.99|
|J050|01012015|04|A|6|3.01.01.07.01.99.30561|3.01.01.07.01|(-) DESPESAS COM REPRESENTAÇÃO|
|J051|1332|3.01.01.09.01.99|
|J051|1334|3.01.01.09.01.99|
|J051|1339|3.01.01.09.01.99|
|J051|1342|3.01.01.09.01.99|
|J051|2203|3.01.01.09.01.99|
|J051|2308|3.01.01.09.01.99|
|J051|3133|3.01.01.09.01.99|
|J051|5513|3.01.01.09.01.99|
|J051|5542|3.01.01.09.01.99|
|J051|5544|3.01.01.09.01.99|
|J051|5562|3.01.01.09.01.99|
|J051|5914|3.01.01.09.01.99|
|J051|6052|3.01.01.09.01.99|
|J051|6457|3.01.01.09.01.99|
|J051|8185|3.01.01.09.01.99|
|J051|8513|3.01.01.09.01.99|
|J051|9105|3.01.01.09.01.99|
|J051|9205|3.01.01.09.01.99|
|J050|01012015|04|A|6|3.01.01.07.01.99.30562|3.01.01.07.01|(-) DESPESAS COM REPRESENTAÇÃO|
|J051|1332|3.01.01.09.01.99|
|J051|1334|3.01.01.09.01.99|
|J051|1339|3.01.01.09.01.99|
|J051|2203|3.01.01.09.01.99|
|J051|2303|3.01.01.09.01.99|
|J051|2308|3.01.01.09.01.99|
|J051|3133|3.01.01.09.01.99|
|J051|4014|3.01.01.09.01.99|
|J051|5513|3.01.01.09.01.99|
|J051|5524|3.01.01.09.01.99|
|J051|5542|3.01.01.09.01.99|
|J051|5544|3.01.01.09.01.99|
|J051|5562|3.01.01.09.01.99|
|J051|5914|3.01.01.09.01.99|
|J051|6052|3.01.01.09.01.99|
|J051|6057|3.01.01.09.01.99|
|J051|6457|3.01.01.09.01.99|
|J051|8185|3.01.01.09.01.99|
|J050|01012015|04|A|6|3.01.01.07.01.99.30563|3.01.01.07.01|(-) DESPESAS COM REPRESENTAÇÃO|
|J051|1332|3.01.01.09.01.99|
|J051|1334|3.01.01.09.01.99|
|J051|1339|3.01.01.09.01.99|
|J051|2203|3.01.01.09.01.99|
|J051|2308|3.01.01.09.01.99|
|J051|3133|3.01.01.09.01.99|
|J051|5513|3.01.01.09.01.99|
|J051|5524|3.01.01.09.01.99|
|J051|5542|3.01.01.09.01.99|
|J051|5544|3.01.01.09.01.99|
|J051|5562|3.01.01.09.01.99|
|J051|6457|3.01.01.09.01.99|
|J051|8513|3.01.01.09.01.99|
|J051|9205|3.01.01.09.01.99|
|J050|01012015|04|A|6|3.01.01.07.01.99.30565|3.01.01.07.01|(-) DESPESAS COM REPRESENTAÇÃO|
|J051|1332|3.01.01.09.01.99|
|J050|01012015|04|A|6|3.01.01.07.01.99.30570|3.01.01.07.01|(-) DESPESAS COM REPRESENTAÇÃO|
|J051|1332|3.01.01.09.01.99|
|J051|3133|3.01.01.09.01.99|
|J051|5513|3.01.01.09.01.99|
|J051|5542|3.01.01.09.01.99|
|J051|5544|3.01.01.09.01.99|
|J050|01012015|04|A|6|3.01.01.07.01.99.30590|3.01.01.07.01|(-) DESPESAS COM REPRESENTAÇÃO|
|J051|9205|3.01.01.09.01.99|
|J051|9215|3.01.01.09.01.99|
|J050|01012015|04|A|6|3.01.01.07.01.99.30591|3.01.01.07.01|(-) DESPESAS COM REPRESENTAÇÃO|
|J051|1332|3.01.01.09.01.99|
|J051|1334|3.01.01.09.01.99|
|J051|1339|3.01.01.09.01.99|
|J051|2203|3.01.01.09.01.99|
|J051|2308|3.01.01.09.01.99|
|J051|3133|3.01.01.09.01.99|
|J051|4014|3.01.01.09.01.99|
|J051|5442|3.01.01.09.01.99|
|J051|5513|3.01.01.09.01.99|
|J051|5542|3.01.01.09.01.99|
|J051|5544|3.01.01.09.01.99|
|J051|5562|3.01.01.09.01.99|
|J051|5914|3.01.01.09.01.99|
|J051|6052|3.01.01.09.01.99|
|J051|6057|3.01.01.09.01.99|
|J051|6457|3.01.01.09.01.99|
|J051|8185|3.01.01.09.01.99|
|J051|8513|3.01.01.09.01.99|
|J051|9205|3.01.01.09.01.99|
|J050|01012015|04|A|6|3.01.01.07.01.99.30593|3.01.01.07.01|(-) DESPESAS COM REPRESENTAÇÃO|
|J051|1332|3.01.01.09.01.99|
|J051|1334|3.01.01.09.01.99|
|J051|1339|3.01.01.09.01.99|
|J051|2308|3.01.01.09.01.99|
|J051|5542|3.01.01.09.01.99|
|J051|5544|3.01.01.09.01.99|
|J051|6457|3.01.01.09.01.99|
|J051|8513|3.01.01.09.01.99|
|J050|01012015|04|S|5|3.01.01.07.30|3.01.01.07|Assistência Técnica - no Exterior|
|J050|01012015|04|S|4|3.01.01.09|3.01.01|OUTRAS DESPESAS OPERACIONAIS|
|J050|01012015|04|S|5|3.01.01.09.01|3.01.01.09|OUTRAS DESPESAS OPERACIONAIS DAS ATIVIDADES EM GER|
|J050|01012015|04|A|6|3.01.01.09.01.08.30671|3.01.01.09.01|(-) Outras Despesas Financeiras|
|J051|8513|3.01.01.09.01.08|
|J050|01012015|04|A|6|3.01.01.09.01.08.30672|3.01.01.09.01|(-) Outras Despesas Financeiras|
|J051|8513|3.01.01.09.01.08|
|J050|01012015|04|A|6|3.01.01.09.01.08.30673|3.01.01.09.01|(-) Outras Despesas Financeiras|
|J051|8513|3.01.01.09.01.08|
|J050|01012015|04|A|6|3.01.01.09.01.08.30674|3.01.01.09.01|(-) Outras Despesas Financeiras|
|J051|8513|3.01.01.09.01.08|
|J050|01012015|04|A|6|3.01.01.09.01.08.30675|3.01.01.09.01|(-) Outras Despesas Financeiras|
|J051|8513|3.01.01.09.01.08|
|J050|01012015|04|A|6|3.01.01.09.01.08.30676|3.01.01.09.01|(-) Outras Despesas Financeiras|
|J051|8513|3.01.01.09.01.08|
|J050|01012015|04|A|6|3.01.01.09.01.99.30598|3.01.01.09.01|(-) Outras Despesas Operacionais|
|J051|8513|3.01.01.05.01.01|
|J050|01012015|04|S|4|3.01.01.11|3.01.01|OUTRAS RECEITAS, OUTRAS DESPESAS E RESULTADO DE OP|
|J050|01012015|04|S|5|3.01.01.11.01|3.01.01.11|OUTRAS RECEITAS, OUTRAS DESPESAS E RESULTADO DE OP|
|J050|01012015|04|S|3|3.01.03|3.01|Receita de Venta de Royalties|
|J050|01012015|04|S|4|3.01.03.01|3.01.03|Receita de Venta de Royalties|
|J050|01012015|04|S|5|3.01.03.01.01|3.01.03.01|Receita de Venta de Royalties|
|J050|01012015|04|S|3|3.01.05|3.01|PARTICIPAÇÕES|
|J050|01012015|04|S|4|3.01.05.01|3.01.05|PARTICIPAÇÕES NOS LUCROS|
|J050|01012015|04|S|5|3.01.05.01.01|3.01.05.01|PARTICIPAÇÕES DE EMPREGADOS|
|J050|01012015|04|S|5|3.01.05.01.03|3.01.05.01|OUTRAS PARTICIPAÇÕES|
|J050|01012015|04|S|3|3.01.99|3.01|RESULTADO NÄO OPERACIONAIS|
|J050|01012015|04|S|4|3.01.99.01|3.01.99|RECEITAS E DESP NÄO OPERACIONAIS|
|J050|01012015|04|S|5|3.01.99.01.01|3.01.99.01|RECEITAS NÄO OPERACIONAIS|
|J050|01012015|04|A|6|3.01.99.01.01.01.30690|3.01.99.01.01|RECEITAS NÄO OPERACIONAIS|
|J051|8513|3.01.01.01.01.08|
|J050|01012015|04|A|6|3.01.99.01.01.01.30691|3.01.99.01.01|RECEITAS NÄO OPERACIONAIS|
|J051|8513|3.01.01.01.01.08|
|J050|01012015|04|A|6|3.01.99.01.01.01.30693|3.01.99.01.01|RECEITAS NÄO OPERACIONAIS|
|J051|8513|3.01.01.01.01.08|
|J051|9205|3.01.01.01.01.08|
|J050|01012015|04|S|4|3.01.99.11|3.01.99|OUTRAS RECEITAS. OUTRAS DESPESAS E RESULTADO DE OP|
|J050|01012015|04|S|5|3.01.99.11.01|3.01.99.11|OUTRAS RECEITAS. OUTRAS DESPESAS E RESULTADO DE OP|
|J050|01012015|04|A|6|3.01.99.11.01.04.30506|3.01.99.11.01|(-) VALOR CONTÁBIL DE PARTICIPAÇÕES INTEGRANTES DO|
|J051|8513|3.01.01.11.01.04|
|J051|9205|3.01.01.11.01.04|
|J050|01012015|04|S|2|3.02|3|PROVISÃO PARA CSLL E IRPJ|
|J050|01012015|04|S|3|3.02.01|3.02|PROVISÃO PARA CSLL E IRPJ|
|J050|01012015|04|S|4|3.02.01.01|3.02.01|PROVISÃO PARA CSLL E IRPJ|
|J050|01012015|04|S|5|3.02.01.01.01|3.02.01.01|PROVISÃO PARA CSLL E IRPJ|
|J050|01012015|04|A|6|3.02.01.01.01.01.30701|3.02.01.01.01|(-) Provisão para Contribuição Social sobre o Lucr|
|J051|8513|3.02.01.01.01.01|
|J050|01012015|04|A|6|3.02.01.01.01.02.30700|3.02.01.01.01|(-) Provisão para Imposto de Renda - Pessoa Jurídi|
|J051|8513|3.02.01.01.01.02|
|J050|01012015|04|S|2|3.11|3|RESULTADO LÍQUIDO DO PERÍODO ANTES DO IRPJ E DA CS|
|J050|01012015|04|S|3|3.11.01|3.11|RESULTADO OPERACIONAL DA ATIVIDADE RURAL|
|J050|01012015|04|S|4|3.11.01.01|3.11.01|RECEITA OPERACIONAL LÍQUIDA DA ATIVIDADE RURAL|
|J050|01012015|04|S|5|3.11.01.01.01|3.11.01.01|RECEITA BRUTA DA ATIVIDADE RURAL|
|J050|01012015|04|S|5|3.11.01.01.02|3.11.01.01|DEDUÇÕES DA RECEITA BRUTA|
|J050|01012015|04|S|4|3.11.01.03|3.11.01|CUSTO DOS BENS E PRODUTOS|
|J050|01012015|04|S|5|3.11.01.03.01|3.11.01.03|CUSTO DOS BENS E PRODUTOS VENDIDOS DA ATIVIDADE RU|
|J050|01012015|04|S|4|3.11.01.05|3.11.01|OUTRAS RECEITAS OPERACIONAIS|
|J050|01012015|04|S|5|3.11.01.05.01|3.11.01.05|OUTRAS RECEITAS OPERACIONAIS DA ATIVIDADE RURAL|
|J050|01012015|04|S|4|3.11.01.07|3.11.01|DESPESAS OPERACIONAIS|
|J050|01012015|04|S|5|3.11.01.07.01|3.11.01.07|DESPESAS OPERACIONAIS DA ATIVIDADE RURAL|
|J050|01012015|04|S|4|3.11.01.09|3.11.01|OUTRAS DESPESAS OPERACIONAIS|
|J050|01012015|04|S|5|3.11.01.09.01|3.11.01.09|OUTRAS DESPESAS OPERACIONAIS DA ATIVIDADE RURAL|
|J050|01012015|04|S|4|3.11.01.11|3.11.01|OUTRAS RECEITAS, OUTRAS DESPESAS E RESULTADO DE OP|
|J050|01012015|04|S|5|3.11.01.11.01|3.11.01.11|OUTRAS RECEITAS, OUTRAS DESPESAS E RESULTADO DE OP|
|J050|01012015|04|S|3|3.11.05|3.11|PARTICIPAÇÕES|
|J050|01012015|04|S|4|3.11.05.01|3.11.05|PARTICIPAÇÕES NOS LUCROS|
|J050|01012015|04|S|5|3.11.05.01.01|3.11.05.01|PARTICIPAÇÕES DE EMPREGADOS|
|J050|01012015|04|S|5|3.11.05.01.03|3.11.05.01|OUTRAS PARTICIPAÇÕES|
|J050|01012015|04|S|2|3.12|3|PROVISÃO PARA CSLL (ATIVIDADE RURAL)|
|J050|01012015|04|S|3|3.12.01|3.12|PROVISÃO PARA CSLL (ATIVIDADE RURAL)|
|J050|01012015|04|S|4|3.12.01.01|3.12.01|PROVISÃO PARA CSLL (ATIVIDADE RURAL)|
|J050|01012015|04|S|5|3.12.01.01.01|3.12.01.01|PROVISÃO PARA CSLL (ATIVIDADE RURAL)|
|J100|01012018|0000|A+P|
|J100|01012018|1111|x|
|J100|01012018|1332|Sales|
|J100|01012018|1334|General Sales|
|J100|01012018|1339|Subscription Sales|
|J100|01012018|1342|Esp Media Manager|
|J100|01012018|1349|Mid Market Upper|
|J100|01012018|2103|Either Integrated or Brand|
|J100|01012018|2104|Public Relations|
|J100|01012018|2203|Travel MKT|
|J100|01012018|2206|Digital Media|
|J100|01012018|2302|Either Integrated or Brand|
|J100|01012018|2303|Regional Marketing Americas|
|J100|01012018|2308|Marketing|
|J100|01012018|3133|FU17WC2017|
|J100|01012018|4014|Product Services|
|J100|01012018|5442|Brand Admin Entertainment|
|J100|01012018|5513|Mike Heiman|
|J100|01012018|5524|Editorial|
|J100|01012018|5542|Brand Admin Sports|
|J100|01012018|5544|Photographers Sport|
|J100|01012018|5562|Brand Admin Entertainment|
|J100|01012018|5913|Creative Content|
|J100|01012018|5914|International Content Investme|
|J100|01012018|6052|Sales Summit Chicago|
|J100|01012018|6057|International Content Investme|
|J100|01012018|6457|IT|
|J100|01012018|6459|IT Services|
|J100|01012018|6557|Finance and Accounting|
|J100|01012018|8185|CRM Next 2017|
|J100|01012018|8513|Finance and Accounting|
|J100|01012018|8552|Audit Support|
|J100|01012018|9105|Internal Company Events|
|J100|01012018|9125|Human Resources|
|J100|01012018|9135|Educational Reimbursement|
|J100|01012018|9205|Facilities|
|J100|01012018|9215|Finance and Accounting|
|J100|01012018|9605|Legal|
|J100|01012018|9720|Public Relations (new)|
|J990|960|
|K001|0|
|K030|01012018|31122018|A00|
|K155|1.01.01.01.01.10001|0000|793,10|D|60109,13|60672,00|230,23|D|
|K156|1.01.01.01.01|793,10|D|60109,13|60672,00|230,23|D|
|K155|1.01.01.02.01.10004|0000|663926,53|D|50543459,94|49646593,81|1560792,66|D|
|K156|1.01.01.02.01|663926,53|D|50543459,94|49646593,81|1560792,66|D|
|K155|1.01.02.01.01.10055|0000|0,00|C|62820,73|62820,73|0,00|C|
|K156|1.01.02.01.01|0,00|C|62820,73|62820,73|0,00|C|
|K155|1.01.02.01.98.10050|0000|1229,23|C|2812,50|2812,50|1229,23|C|
|K156|1.01.02.01.98|1229,23|C|2812,50|2812,50|1229,23|C|
|K155|1.01.02.01.98.10052|0000|1232,86|D|4710,89|4671,79|1271,96|D|
|K156|1.01.02.01.98|1232,86|D|4710,89|4671,79|1271,96|D|
|K155|1.01.02.01.98.10053|0000|30554,87|D|180794,51|197066,14|14283,24|D|
|K156|1.01.02.01.98|30554,87|D|180794,51|197066,14|14283,24|D|
|K155|1.01.02.01.98.10070|0000|1388,56|D|1451518,72|1361516,28|91391,00|D|
|K156|1.01.02.01.98|1388,56|D|1451518,72|1361516,28|91391,00|D|
|K155|1.01.02.01.98.10071|0000|93061,00|D|508817,44|643594,31|41715,87|C|
|K156|1.01.02.01.98|93061,00|D|508817,44|643594,31|41715,87|C|
|K155|1.01.02.02.03.10020|0000|7472095,09|D|29650404,14|28385629,92|8736869,31|D|
|K156|1.01.02.02.03|7472095,09|D|29650404,14|28385629,92|8736869,31|D|
|K155|1.01.02.02.03.10021|0000|1002,00|D|0,00|0,00|1002,00|D|
|K156|1.01.02.02.03|1002,00|D|0,00|0,00|1002,00|D|
|K155|1.01.02.02.04.10026|0000|60699,29|D|0,00|0,00|60699,29|D|
|K156|1.01.02.02.04|60699,29|D|0,00|0,00|60699,29|D|
|K155|1.01.02.02.52.10030|0000|652497,45|C|238574,69|102680,10|516602,86|C|
|K156|1.01.02.02.52|652497,45|C|238574,69|102680,10|516602,86|C|
|K155|1.01.02.03.40.10040|0000|245487,18|D|15346,73|191,00|260642,91|D|
|K156|1.01.02.03.40|245487,18|D|15346,73|191,00|260642,91|D|
|K155|1.01.02.03.40.10072|0000|535,73|D|0,00|535,73|0,00|C|
|K156|1.01.02.03.40|535,73|D|0,00|535,73|0,00|C|
|K155|1.01.02.03.40.10131|0000|51461,48|D|3532,92|0,00|54994,40|D|
|K156|1.01.02.03.40|51461,48|D|3532,92|0,00|54994,40|D|
|K155|1.01.02.04.01.10061|0000|0,00|C|16098,96|16098,96|0,00|C|
|K156|1.01.02.04.01|0,00|C|16098,96|16098,96|0,00|C|
|K155|1.01.02.04.01.10066|0000|0,00|C|109,50|109,50|0,00|C|
|K156|1.01.02.04.01|0,00|C|109,50|109,50|0,00|C|
|K155|1.01.02.04.04.10062|0000|0,00|C|3856,63|3856,63|0,00|C|
|K156|1.01.02.04.04|0,00|C|3856,63|3856,63|0,00|C|
|K155|1.01.02.04.07.10063|0000|0,00|C|2506,95|2506,95|0,00|C|
|K156|1.01.02.04.07|0,00|C|2506,95|2506,95|0,00|C|
|K155|1.01.02.04.09.10064|0000|13,61|D|11570,09|11570,09|13,61|D|
|K156|1.01.02.04.09|13,61|D|11570,09|11570,09|13,61|D|
|K155|1.01.05.01.01.10082|0000|56155,20|D|0,00|0,00|56155,20|D|
|K156|1.01.05.01.01|56155,20|D|0,00|0,00|56155,20|D|
|K155|1.01.05.01.02.10080|0000|8169,83|D|13102,51|10897,37|10374,97|D|
|K156|1.01.05.01.02|8169,83|D|13102,51|10897,37|10374,97|D|
|K155|1.01.05.01.09.10083|0000|18235,80|D|0,00|18235,80|0,00|C|
|K156|1.01.05.01.09|18235,80|D|0,00|18235,80|0,00|C|
|K155|1.02.03.01.05.10122|0000|230525,80|D|0,00|0,00|230525,80|D|
|K156|1.02.03.01.05|230525,80|D|0,00|0,00|230525,80|D|
|K155|1.02.03.01.05.10142|0000|132922,72|C|0,00|77909,24|210831,96|C|
|K156|1.02.03.01.05|132922,72|C|0,00|77909,24|210831,96|C|
|K155|1.02.03.01.06.10121|0000|48292,12|D|0,00|0,00|48292,12|D|
|K156|1.02.03.01.06|48292,12|D|0,00|0,00|48292,12|D|
|K155|1.02.03.01.06.10124|0000|855730,57|D|250020,33|256687,38|849063,52|D|
|K156|1.02.03.01.06|855730,57|D|250020,33|256687,38|849063,52|D|
|K155|1.02.03.01.06.10125|0000|221688,92|D|12356,62|0,00|234045,54|D|
|K156|1.02.03.01.06|221688,92|D|12356,62|0,00|234045,54|D|
|K155|1.02.03.01.06.10141|0000|18177,36|C|0,00|4286,26|22463,62|C|
|K156|1.02.03.01.06|18177,36|C|0,00|4286,26|22463,62|C|
|K155|1.02.03.01.06.10145|0000|551754,60|C|235202,20|147167,24|463719,64|C|
|K156|1.02.03.01.06|551754,60|C|235202,20|147167,24|463719,64|C|
|K155|1.02.03.01.06.10147|0000|211805,81|C|0,00|3356,16|215161,97|C|
|K156|1.02.03.01.06|211805,81|C|0,00|3356,16|215161,97|C|
|K155|1.02.03.01.07.10120|0000|187321,47|D|0,00|0,00|187321,47|D|
|K156|1.02.03.01.07|187321,47|D|0,00|0,00|187321,47|D|
|K155|1.02.03.01.07.10140|0000|52492,33|C|0,00|18790,10|71282,43|C|
|K156|1.02.03.01.07|52492,33|C|0,00|18790,10|71282,43|C|
|K155|1.02.03.01.28.10123|0000|30164,99|D|0,00|1499,00|28665,99|D|
|K156|1.02.03.01.28|30164,99|D|0,00|1499,00|28665,99|D|
|K155|1.02.03.01.28.10144|0000|5954,72|C|510,91|2919,33|8363,14|C|
|K156|1.02.03.01.28|5954,72|C|510,91|2919,33|8363,14|C|
|K155|1.02.05.01.28.10012|0000|334671,40|D|0,00|0,00|334671,40|D|
|K156|1.02.05.01.28|334671,40|D|0,00|0,00|334671,40|D|
|K155|1.02.06.01.01.10151|0000|91525,04|D|0,00|0,00|91525,04|D|
|K156|1.02.06.01.01|91525,04|D|0,00|0,00|91525,04|D|
|K155|1.02.06.01.31.10187|0000|91525,04|C|0,00|0,00|91525,04|C|
|K156|1.02.06.01.31|91525,04|C|0,00|0,00|91525,04|C|
|K155|2.01.01.01.01.20260|0000|243443,79|C|3434280,24|3696956,51|506120,06|C|
|K156|2.01.01.01.01|243443,79|C|3434280,24|3696956,51|506120,06|C|
|K155|2.01.01.01.03.20261|0000|98864,18|C|1638418,83|1621162,98|81608,33|C|
|K156|2.01.01.01.03|98864,18|C|1638418,83|1621162,98|81608,33|C|
|K155|2.01.01.01.04.20262|0000|44238,94|C|380007,17|370905,67|35137,44|C|
|K156|2.01.01.01.04|44238,94|C|380007,17|370905,67|35137,44|C|
|K155|2.01.01.01.09.20263|0000|108432,48|C|871347,81|849350,86|86435,53|C|
|K156|2.01.01.01.09|108432,48|C|871347,81|849350,86|86435,53|C|
|K155|2.01.01.01.09.20264|0000|115,28|C|115,28|0,00|0,00|C|
|K156|2.01.01.01.09|115,28|C|115,28|0,00|0,00|C|
|K155|2.01.01.03.01.20212|0000|4137,93|C|81005,87|79619,40|2751,46|C|
|K156|2.01.01.03.01|4137,93|C|81005,87|79619,40|2751,46|C|
|K155|2.01.01.03.01.20218|0000|36425,62|C|0,00|0,00|36425,62|C|
|K156|2.01.01.03.01|36425,62|C|0,00|0,00|36425,62|C|
|K155|2.01.01.03.02.20213|0000|25094,70|C|0,00|0,00|25094,70|C|
|K156|2.01.01.03.02|25094,70|C|0,00|0,00|25094,70|C|
|K155|2.01.01.03.02.20217|0000|416,01|C|0,00|0,00|416,01|C|
|K156|2.01.01.03.02|416,01|C|0,00|0,00|416,01|C|
|K155|2.01.01.03.04.20211|0000|176818,96|C|0,00|0,00|176818,96|C|
|K156|2.01.01.03.04|176818,96|C|0,00|0,00|176818,96|C|
|K155|2.01.01.03.04.20221|0000|12658070,34|C|10034720,88|13808152,43|16431501,89|C|
|K156|2.01.01.03.04|12658070,34|C|10034720,88|13808152,43|16431501,89|C|
|K155|2.01.01.03.04.20222|0000|726340,00|C|0,00|0,00|726340,00|C|
|K156|2.01.01.03.04|726340,00|C|0,00|0,00|726340,00|C|
|K155|2.01.01.03.04.20233|0000|668599,00|C|0,00|0,00|668599,00|C|
|K156|2.01.01.03.04|668599,00|C|0,00|0,00|668599,00|C|
|K155|2.01.01.05.01.20240|0000|34673,75|C|140253,65|115753,65|10173,75|C|
|K156|2.01.01.05.01|34673,75|C|140253,65|115753,65|10173,75|C|
|K155|2.01.01.09.01.20244|0000|4083,04|C|4112800,38|4113044,57|4327,23|C|
|K156|2.01.01.09.01|4083,04|C|4112800,38|4113044,57|4327,23|C|
|K155|2.01.01.09.04.20291|0000|37405,81|C|664932,53|669169,64|41642,92|C|
|K156|2.01.01.09.04|37405,81|C|664932,53|669169,64|41642,92|C|
|K155|2.01.01.09.05.20292|0000|172093,84|C|2223617,05|2243355,93|191832,72|C|
|K156|2.01.01.09.05|172093,84|C|2223617,05|2243355,93|191832,72|C|
|K155|2.01.01.09.08.20290|0000|79,20|C|687026,63|761820,22|74872,79|C|
|K156|2.01.01.09.08|79,20|C|687026,63|761820,22|74872,79|C|
|K155|2.01.01.09.28.20245|0000|365,11|C|11158,75|11889,03|1095,39|C|
|K156|2.01.01.09.28|365,11|C|11158,75|11889,03|1095,39|C|
|K155|2.01.01.15.03.20280|0000|493642,01|C|639979,13|511874,81|365537,69|C|
|K156|2.01.01.15.03|493642,01|C|639979,13|511874,81|365537,69|C|
|K155|2.01.01.15.04.20281|0000|0,00|C|358983,93|358983,93|0,00|C|
|K156|2.01.01.15.04|0,00|C|358983,93|358983,93|0,00|C|
|K155|2.01.01.15.05.20282|0000|165369,64|C|113648,89|68906,67|120627,42|C|
|K156|2.01.01.15.05|165369,64|C|113648,89|68906,67|120627,42|C|
|K155|2.01.01.15.05.20283|0000|0,00|C|107543,42|107543,42|0,00|C|
|K156|2.01.01.15.05|0,00|C|107543,42|107543,42|0,00|C|
|K155|2.01.01.17.28.20241|0000|187341,94|C|3223801,57|3118858,14|82398,51|C|
|K156|2.01.01.17.28|187341,94|C|3223801,57|3118858,14|82398,51|C|
|K155|2.01.01.17.28.20242|0000|23441,54|C|288261,24|288387,84|23568,14|C|
|K156|2.01.01.17.28|23441,54|C|288261,24|288387,84|23568,14|C|
|K155|2.01.01.17.28.20243|0000|0,47|C|0,00|0,00|0,47|C|
|K156|2.01.01.17.28|0,47|C|0,00|0,00|0,47|C|
|K155|2.01.01.17.28.20247|0000|27254,16|C|89097,24|65463,71|3620,63|C|
|K156|2.01.01.17.28|27254,16|C|89097,24|65463,71|3620,63|C|
|K155|2.02.01.01.02.20200|0000|1171002,48|C|0,00|0,00|1171002,48|C|
|K156|2.02.01.01.02|1171002,48|C|0,00|0,00|1171002,48|C|
|K155|2.02.01.01.02.20201|0000|3488,20|C|0,00|0,00|3488,20|C|
|K156|2.02.01.01.02|3488,20|C|0,00|0,00|3488,20|C|
|K155|2.02.01.01.02.20202|0000|120397,00|C|0,00|0,00|120397,00|C|
|K156|2.02.01.01.02|120397,00|C|0,00|0,00|120397,00|C|
|K155|2.02.01.01.02.20203|0000|130807,50|C|0,00|0,00|130807,50|C|
|K156|2.02.01.01.02|130807,50|C|0,00|0,00|130807,50|C|
|K155|2.02.01.01.02.20204|0000|68016,06|C|0,00|0,00|68016,06|C|
|K156|2.02.01.01.02|68016,06|C|0,00|0,00|68016,06|C|
|K155|2.02.01.01.02.20205|0000|229964,00|C|0,00|0,00|229964,00|C|
|K156|2.02.01.01.02|229964,00|C|0,00|0,00|229964,00|C|
|K155|2.02.01.01.02.20206|0000|276191,36|C|0,00|0,00|276191,36|C|
|K156|2.02.01.01.02|276191,36|C|0,00|0,00|276191,36|C|
|K155|2.02.01.01.02.20207|0000|197746,42|C|0,00|0,00|197746,42|C|
|K156|2.02.01.01.02|197746,42|C|0,00|0,00|197746,42|C|
|K155|2.02.01.01.02.20208|0000|747885,95|C|0,00|0,00|747885,95|C|
|K156|2.02.01.01.02|747885,95|C|0,00|0,00|747885,95|C|
|K155|2.03.01.02.01.20320|0000|1409206,00|C|0,00|0,00|1409206,00|C|
|K156|2.03.01.02.01|1409206,00|C|0,00|0,00|1409206,00|C|
|K155|2.03.01.02.10.20321|0000|51,00|D|0,00|0,00|51,00|D|
|K156|2.03.01.02.10|51,00|D|0,00|0,00|51,00|D|
|K155|2.03.04.01.11.20360|0000|11305028,53|D|1536636,20|0,00|12841664,73|D|
|K156|2.03.04.01.11|11305028,53|D|1536636,20|0,00|12841664,73|D|
|K355|3.01.01.01.01.06.30402|1332|10861468,66|C|
|K356|3.01.01.01.01.06|10861468,66|C|
|K355|3.01.01.01.01.06.30403|1332|14441911,13|C|
|K356|3.01.01.01.01.06|14441911,13|C|
|K355|3.01.01.01.01.06.30404|1332|3388064,46|C|
|K356|3.01.01.01.01.06|3388064,46|C|
|K355|3.01.01.01.01.06.30406|1332|2475,80|C|
|K356|3.01.01.01.02.01|2475,80|C|
|K355|3.01.01.01.02.04.30422|1332|2180840,28|D|
|K356|3.01.01.01.02.04|2180840,28|D|
|K355|3.01.01.01.02.05.30421|1332|473282,28|D|
|K356|3.01.01.01.02.05|473282,28|D|
|K355|3.01.01.01.02.06.30420|1332|757449,20|D|
|K356|3.01.01.01.02.06|757449,20|D|
|K355|3.01.01.01.03.01.30533|9205|32148,65|D|
|K356|3.01.01.07.01.36|32148,65|D|
|K355|3.01.01.01.03.01.30534|2308|47,60|D|
|K356|3.01.01.03.01.03|47,60|D|
|K355|3.01.01.01.03.01.30534|9205|5470,28|D|
|K356|3.01.01.03.01.03|5470,28|D|
|K355|3.01.01.01.03.01.30536|6459|55094,71|D|
|K356|3.01.01.07.01.38|55094,71|D|
|K355|3.01.01.01.03.01.30537|5542|48,92|D|
|K356|3.01.01.07.01.39|48,92|D|
|K355|3.01.01.01.03.01.30537|9205|11742,93|D|
|K356|3.01.01.07.01.39|11742,93|D|
|K355|3.01.01.01.03.01.30538|1332|5232,46|D|
|K356|3.01.01.03.01.03|5232,46|D|
|K355|3.01.01.01.03.01.30538|2308|387,52|D|
|K356|3.01.01.03.01.03|387,52|D|
|K355|3.01.01.01.03.01.30538|5513|1039,13|D|
|K356|3.01.01.03.01.03|1039,13|D|
|K355|3.01.01.01.03.01.30538|5542|2179,49|D|
|K356|3.01.01.03.01.03|2179,49|D|
|K355|3.01.01.01.03.01.30538|5544|2558,77|D|
|K356|3.01.01.03.01.03|2558,77|D|
|K355|3.01.01.01.03.01.30538|8513|331,52|D|
|K356|3.01.01.03.01.03|331,52|D|
|K355|3.01.01.01.03.01.30538|9205|119,50|D|
|K356|3.01.01.03.01.03|119,50|D|
|K355|3.01.01.01.03.01.30539|1332|39139,81|D|
|K356|3.01.01.03.01.03|39139,81|D|
|K355|3.01.01.05.01.05.30681|8513|64900,47|C|
|K356|3.01.01.05.01.05|64900,47|C|
|K355|3.01.01.07.01.02.30500|1334|2021704,56|D|
|K356|3.01.01.07.01.02|2021704,56|D|
|K355|3.01.01.07.01.02.30500|2303|63389,77|D|
|K356|3.01.01.07.01.02|63389,77|D|
|K355|3.01.01.07.01.02.30500|4014|68089,37|D|
|K356|3.01.01.07.01.02|68089,37|D|
|K355|3.01.01.07.01.02.30500|5542|146091,43|D|
|K356|3.01.01.07.01.02|146091,43|D|
|K355|3.01.01.07.01.02.30500|5544|108613,31|D|
|K356|3.01.01.07.01.02|108613,31|D|
|K355|3.01.01.07.01.02.30500|5914|44628,18|D|
|K356|3.01.01.07.01.02|44628,18|D|
|K355|3.01.01.07.01.02.30500|6457|231772,27|D|
|K356|3.01.01.07.01.02|231772,27|D|
|K355|3.01.01.07.01.02.30500|8513|523084,21|D|
|K356|3.01.01.07.01.02|523084,21|D|
|K355|3.01.01.07.01.02.30505|1334|1094468,46|D|
|K356|3.01.01.07.01.02|1094468,46|D|
|K355|3.01.01.07.01.03.30507|8513|14817,60|D|
|K356|3.01.01.07.01.03|14817,60|D|
|K355|3.01.01.07.01.03.30521|1334|1416,12|D|
|K356|3.01.01.07.01.03|1416,12|D|
|K355|3.01.01.07.01.03.30521|8513|4600,60|D|
|K356|3.01.01.07.01.03|4600,60|D|
|K355|3.01.01.07.01.03.30523|1334|18576,56|D|
|K356|3.01.01.07.01.03|18576,56|D|
|K355|3.01.01.07.01.03.30523|2303|621,72|D|
|K356|3.01.01.07.01.03|621,72|D|
|K355|3.01.01.07.01.03.30523|4014|667,14|D|
|K356|3.01.01.07.01.03|667,14|D|
|K355|3.01.01.07.01.03.30523|5542|1473,48|D|
|K356|3.01.01.07.01.03|1473,48|D|
|K355|3.01.01.07.01.03.30523|5544|1112,28|D|
|K356|3.01.01.07.01.03|1112,28|D|
|K355|3.01.01.07.01.03.30523|5914|472,08|D|
|K356|3.01.01.07.01.03|472,08|D|
|K355|3.01.01.07.01.03.30523|6457|2261,76|D|
|K356|3.01.01.07.01.03|2261,76|D|
|K355|3.01.01.07.01.03.30523|8513|4362,38|D|
|K356|3.01.01.07.01.03|4362,38|D|
|K355|3.01.01.07.01.03.30524|1334|55354,58|D|
|K356|3.01.01.07.01.03|55354,58|D|
|K355|3.01.01.07.01.03.30524|4014|3476,23|D|
|K356|3.01.01.07.01.03|3476,23|D|
|K355|3.01.01.07.01.03.30524|5542|4872,97|D|
|K356|3.01.01.07.01.03|4872,97|D|
|K355|3.01.01.07.01.03.30524|5544|30042,63|D|
|K356|3.01.01.07.01.03|30042,63|D|
|K355|3.01.01.07.01.03.30524|8513|22623,54|D|
|K356|3.01.01.07.01.03|22623,54|D|
|K355|3.01.01.07.01.03.30525|8513|1192,75|D|
|K356|3.01.01.07.01.03|1192,75|D|
|K355|3.01.01.07.01.03.30525|9135|620,00|D|
|K356|3.01.01.07.01.03|620,00|D|
|K355|3.01.01.07.01.03.30526|1334|9033,38|D|
|K356|3.01.01.07.01.03|9033,38|D|
|K355|3.01.01.07.01.03.30526|2303|527,71|D|
|K356|3.01.01.07.01.03|527,71|D|
|K355|3.01.01.07.01.03.30526|4014|237,17|D|
|K356|3.01.01.07.01.03|237,17|D|
|K355|3.01.01.07.01.03.30526|5914|527,71|D|
|K356|3.01.01.07.01.03|527,71|D|
|K355|3.01.01.07.01.03.30526|6457|527,71|D|
|K356|3.01.01.07.01.03|527,71|D|
|K355|3.01.01.07.01.03.30526|8513|2005,23|D|
|K356|3.01.01.07.01.03|2005,23|D|
|K355|3.01.01.07.01.04.30620|9605|141266,97|D|
|K356|3.01.01.07.01.04|141266,97|D|
|K355|3.01.01.07.01.04.30621|8513|33827,75|D|
|K356|3.01.01.07.01.04|33827,75|D|
|K355|3.01.01.07.01.04.30622|1332|25027,81|D|
|K356|3.01.01.07.01.04|25027,81|D|
|K355|3.01.01.07.01.04.30622|5544|16729,15|D|
|K356|3.01.01.07.01.04|16729,15|D|
|K355|3.01.01.07.01.04.30622|5913|10041,60|D|
|K356|3.01.01.07.01.04|10041,60|D|
|K355|3.01.01.07.01.04.30622|8513|13425,54|D|
|K356|3.01.01.07.01.04|13425,54|D|
|K355|3.01.01.07.01.04.30622|9205|15026,02|D|
|K356|3.01.01.07.01.04|15026,02|D|
|K355|3.01.01.07.01.04.30622|9720|1540,00|D|
|K356|3.01.01.07.01.04|1540,00|D|
|K355|3.01.01.07.01.04.30623|5513|3324,00|D|
|K356|3.01.01.07.01.04|3324,00|D|
|K355|3.01.01.07.01.04.30623|5544|150,66|D|
|K356|3.01.01.07.01.04|150,66|D|
|K355|3.01.01.07.01.04.30623|9205|34210,53|D|
|K356|3.01.01.07.01.04|34210,53|D|
|K355|3.01.01.07.01.05.30511|1334|702097,15|D|
|K356|3.01.01.07.01.05|702097,15|D|
|K355|3.01.01.07.01.05.30511|2303|17689,76|D|
|K356|3.01.01.07.01.05|17689,76|D|
|K355|3.01.01.07.01.05.30511|4014|21173,37|D|
|K356|3.01.01.07.01.05|21173,37|D|
|K355|3.01.01.07.01.05.30511|5542|40492,20|D|
|K356|3.01.01.07.01.05|40492,20|D|
|K355|3.01.01.07.01.05.30511|5544|37051,78|D|
|K356|3.01.01.07.01.05|37051,78|D|
|K355|3.01.01.07.01.05.30511|5914|12018,24|D|
|K356|3.01.01.07.01.05|12018,24|D|
|K355|3.01.01.07.01.05.30511|6457|62730,68|D|
|K356|3.01.01.07.01.05|62730,68|D|
|K355|3.01.01.07.01.05.30511|8513|128551,47|D|
|K356|3.01.01.07.01.05|128551,47|D|
|K355|3.01.01.07.01.06.30512|1334|524465,73|D|
|K356|3.01.01.07.01.06|524465,73|D|
|K355|3.01.01.07.01.06.30512|2303|5660,71|D|
|K356|3.01.01.07.01.06|5660,71|D|
|K355|3.01.01.07.01.06.30512|4014|6775,46|D|
|K356|3.01.01.07.01.06|6775,46|D|
|K355|3.01.01.07.01.06.30512|5542|12957,46|D|
|K356|3.01.01.07.01.06|12957,46|D|
|K355|3.01.01.07.01.06.30512|5544|11856,54|D|
|K356|3.01.01.07.01.06|11856,54|D|
|K355|3.01.01.07.01.06.30512|5914|3845,82|D|
|K356|3.01.01.07.01.06|3845,82|D|
|K355|3.01.01.07.01.06.30512|6457|20073,77|D|
|K356|3.01.01.07.01.06|20073,77|D|
|K355|3.01.01.07.01.06.30512|8513|214315,95|D|
|K356|3.01.01.07.01.06|214315,95|D|
|K355|3.01.01.07.01.07.30504|1334|24539,09|D|
|K356|3.01.01.07.01.07|24539,09|D|
|K355|3.01.01.07.01.07.30504|2303|2869,84|D|
|K356|3.01.01.07.01.07|2869,84|D|
|K355|3.01.01.07.01.07.30504|4014|740,13|D|
|K356|3.01.01.07.01.07|740,13|D|
|K355|3.01.01.07.01.07.30504|5542|3962,34|D|
|K356|3.01.01.07.01.07|3962,34|D|
|K355|3.01.01.07.01.07.30504|5544|4039,73|D|
|K356|3.01.01.07.01.07|4039,73|D|
|K355|3.01.01.07.01.07.30504|5914|1311,95|D|
|K356|3.01.01.07.01.07|1311,95|D|
|K355|3.01.01.07.01.07.30504|6457|6493,76|D|
|K356|3.01.01.07.01.07|6493,76|D|
|K355|3.01.01.07.01.07.30504|8513|3821,98|D|
|K356|3.01.01.07.01.07|3821,98|D|
|K355|3.01.01.07.01.13.30520|1334|189715,79|D|
|K356|3.01.01.07.01.13|189715,79|D|
|K355|3.01.01.07.01.13.30520|2303|9251,00|D|
|K356|3.01.01.07.01.13|9251,00|D|
|K355|3.01.01.07.01.13.30520|4014|3931,17|D|
|K356|3.01.01.07.01.13|3931,17|D|
|K355|3.01.01.07.01.13.30520|5542|9528,61|D|
|K356|3.01.01.07.01.13|9528,61|D|
|K355|3.01.01.07.01.13.30520|5544|9492,17|D|
|K356|3.01.01.07.01.13|9492,17|D|
|K355|3.01.01.07.01.13.30520|5914|9246,04|D|
|K356|3.01.01.07.01.13|9246,04|D|
|K355|3.01.01.07.01.13.30520|6457|9601,48|D|
|K356|3.01.01.07.01.13|9601,48|D|
|K355|3.01.01.07.01.13.30520|8513|45226,34|D|
|K356|3.01.01.07.01.13|45226,34|D|
|K355|3.01.01.07.01.16.30543|9205|16527,27|D|
|K356|3.01.01.07.01.16|16527,27|D|
|K355|3.01.01.07.01.16.30580|1332|1263,00|D|
|K356|3.01.01.07.01.16|1263,00|D|
|K355|3.01.01.07.01.16.30580|6457|344,13|D|
|K356|3.01.01.07.01.16|344,13|D|
|K355|3.01.01.07.01.16.30580|8513|4629,26|D|
|K356|3.01.01.07.01.16|4629,26|D|
|K355|3.01.01.07.01.16.30580|9125|2908,11|D|
|K356|3.01.01.07.01.16|2908,11|D|
|K355|3.01.01.07.01.18.30530|9205|236545,08|D|
|K356|3.01.01.07.01.18|236545,08|D|
|K355|3.01.01.07.01.18.30531|9205|71079,50|D|
|K356|3.01.01.07.01.18|71079,50|D|
|K355|3.01.01.07.01.18.30542|9205|58211,63|D|
|K356|3.01.01.07.01.18|58211,63|D|
|K355|3.01.01.07.01.18.30595|9205|390,00|D|
|K356|3.01.01.07.01.18|390,00|D|
|K355|3.01.01.07.01.19.30532|5513|3350,11|D|
|K356|3.01.01.07.01.19|3350,11|D|
|K355|3.01.01.07.01.19.30532|9205|112398,71|D|
|K356|3.01.01.07.01.19|112398,71|D|
|K355|3.01.01.07.01.20.30571|1332|550,00|D|
|K356|3.01.01.07.01.20|550,00|D|
|K355|3.01.01.07.01.20.30571|2308|67549,16|D|
|K356|3.01.01.07.01.20|67549,16|D|
|K355|3.01.01.07.01.20.30571|5913|2455,00|D|
|K356|3.01.01.07.01.20|2455,00|D|
|K355|3.01.01.07.01.20.30571|5914|93429,23|D|
|K356|3.01.01.07.01.20|93429,23|D|
|K355|3.01.01.07.01.20.30571|8513|15000,00|D|
|K356|3.01.01.07.01.20|15000,00|D|
|K355|3.01.01.07.01.20.30571|9105|21439,46|D|
|K356|3.01.01.07.01.20|21439,46|D|
|K355|3.01.01.07.01.20.30572|1332|6039,40|C|
|K356|3.01.01.07.01.20|6039,40|C|
|K355|3.01.01.07.01.20.30572|2103|8000,00|D|
|K356|3.01.01.07.01.20|8000,00|D|
|K355|3.01.01.07.01.20.30572|2308|119474,30|D|
|K356|3.01.01.07.01.20|119474,30|D|
|K355|3.01.01.07.01.20.30572|5913|15105,00|D|
|K356|3.01.01.07.01.20|15105,00|D|
|K355|3.01.01.07.01.20.30597|1332|2831,31|D|
|K356|3.01.01.07.01.20|2831,31|D|
|K355|3.01.01.07.01.20.30597|5542|236,60|D|
|K356|3.01.01.07.01.20|236,60|D|
|K355|3.01.01.07.01.20.30625|9720|87012,00|D|
|K356|3.01.01.07.01.20|87012,00|D|
|K355|3.01.01.07.01.22.30592|8513|2837,45|D|
|K356|3.01.01.07.01.22|2837,45|D|
|K355|3.01.01.07.01.23.30540|9205|254428,33|D|
|K356|3.01.01.07.01.23|254428,33|D|
|K355|3.01.01.07.01.27.30502|1334|599567,48|D|
|K356|3.01.01.07.01.27|599567,48|D|
|K355|3.01.01.07.01.27.30502|2303|16500,28|D|
|K356|3.01.01.07.01.27|16500,28|D|
|K355|3.01.01.07.01.27.30502|4014|20035,98|D|
|K356|3.01.01.07.01.27|20035,98|D|
|K355|3.01.01.07.01.27.30502|5542|31933,75|D|
|K356|3.01.01.07.01.27|31933,75|D|
|K355|3.01.01.07.01.27.30502|5544|28722,03|D|
|K356|3.01.01.07.01.27|28722,03|D|
|K355|3.01.01.07.01.27.30502|5914|9432,83|D|
|K356|3.01.01.07.01.27|9432,83|D|
|K355|3.01.01.07.01.27.30502|6457|49740,59|D|
|K356|3.01.01.07.01.27|49740,59|D|
|K355|3.01.01.07.01.27.30502|8513|110663,90|D|
|K356|3.01.01.07.01.27|110663,90|D|
|K355|3.01.01.07.01.28.30604|1332|87332,22|D|
|K356|3.01.01.07.01.28|87332,22|D|
|K355|3.01.01.07.01.28.30604|8513|1940,00|C|
|K356|3.01.01.07.01.28|1940,00|C|
|K355|3.01.01.07.01.33.30522|1334|243226,11|D|
|K356|3.01.01.07.01.33|243226,11|D|
|K355|3.01.01.07.01.33.30522|2303|7763,88|D|
|K356|3.01.01.07.01.33|7763,88|D|
|K355|3.01.01.07.01.33.30522|2308|86,08|D|
|K356|3.01.01.07.01.33|86,08|D|
|K355|3.01.01.07.01.33.30522|4014|2683,68|D|
|K356|3.01.01.07.01.33|2683,68|D|
|K355|3.01.01.07.01.33.30522|5542|14719,66|D|
|K356|3.01.01.07.01.33|14719,66|D|
|K355|3.01.01.07.01.33.30522|5544|12283,32|D|
|K356|3.01.01.07.01.33|12283,32|D|
|K355|3.01.01.07.01.33.30522|5914|9175,84|D|
|K356|3.01.01.07.01.33|9175,84|D|
|K355|3.01.01.07.01.33.30522|6457|18928,70|D|
|K356|3.01.01.07.01.33|18928,70|D|
|K355|3.01.01.07.01.33.30522|8513|46461,99|D|
|K356|3.01.01.07.01.33|46461,99|D|
|K355|3.01.01.07.01.38.30550|5542|3450,51|D|
|K356|3.01.01.07.01.38|3450,51|D|
|K355|3.01.01.07.01.38.30550|5544|529,75|D|
|K356|3.01.01.07.01.38|529,75|D|
|K355|3.01.01.07.01.38.30550|6459|251550,95|D|
|K356|3.01.01.07.01.38|251550,95|D|
|K355|3.01.01.07.01.40.30541|9205|10897,37|D|
|K356|3.01.01.07.01.40|10897,37|D|
|K355|3.01.01.07.01.98.30601|1332|16311705,76|D|
|K356|3.01.01.03.01.03|16311705,76|D|
|K355|3.01.01.07.01.98.30607|1332|79619,40|D|
|K356|3.01.01.03.01.03|79619,40|D|
|K355|3.01.01.07.01.99.30560|1332|33604,97|D|
|K356|3.01.01.09.01.99|33604,97|D|
|K355|3.01.01.07.01.99.30560|2308|1128,45|D|
|K356|3.01.01.09.01.99|1128,45|D|
|K355|3.01.01.07.01.99.30560|4014|3271,90|D|
|K356|3.01.01.09.01.99|3271,90|D|
|K355|3.01.01.07.01.99.30560|5513|23588,88|D|
|K356|3.01.01.09.01.99|23588,88|D|
|K355|3.01.01.07.01.99.30560|5542|14135,69|D|
|K356|3.01.01.09.01.99|14135,69|D|
|K355|3.01.01.07.01.99.30560|5544|1303,83|D|
|K356|3.01.01.09.01.99|1303,83|D|
|K355|3.01.01.07.01.99.30560|5914|1770,51|D|
|K356|3.01.01.09.01.99|1770,51|D|
|K355|3.01.01.07.01.99.30560|8513|1292,80|D|
|K356|3.01.01.09.01.99|1292,80|D|
|K355|3.01.01.07.01.99.30561|1332|40715,98|D|
|K356|3.01.01.09.01.99|40715,98|D|
|K355|3.01.01.07.01.99.30561|2308|2239,10|D|
|K356|3.01.01.09.01.99|2239,10|D|
|K355|3.01.01.07.01.99.30561|5513|8903,64|D|
|K356|3.01.01.09.01.99|8903,64|D|
|K355|3.01.01.07.01.99.30561|5542|11155,19|D|
|K356|3.01.01.09.01.99|11155,19|D|
|K355|3.01.01.07.01.99.30561|5544|4185,28|D|
|K356|3.01.01.09.01.99|4185,28|D|
|K355|3.01.01.07.01.99.30561|5914|901,37|D|
|K356|3.01.01.09.01.99|901,37|D|
|K355|3.01.01.07.01.99.30561|6457|683,72|D|
|K356|3.01.01.09.01.99|683,72|D|
|K355|3.01.01.07.01.99.30561|8513|5170,64|D|
|K356|3.01.01.09.01.99|5170,64|D|
|K355|3.01.01.07.01.99.30562|1332|40004,13|D|
|K356|3.01.01.09.01.99|40004,13|D|
|K355|3.01.01.07.01.99.30562|2308|2417,05|D|
|K356|3.01.01.09.01.99|2417,05|D|
|K355|3.01.01.07.01.99.30562|3133|3161,96|D|
|K356|3.01.01.09.01.99|3161,96|D|
|K355|3.01.01.07.01.99.30562|5513|18248,69|D|
|K356|3.01.01.09.01.99|18248,69|D|
|K355|3.01.01.07.01.99.30562|5542|13224,34|D|
|K356|3.01.01.09.01.99|13224,34|D|
|K355|3.01.01.07.01.99.30562|5544|11945,62|D|
|K356|3.01.01.09.01.99|11945,62|D|
|K355|3.01.01.07.01.99.30562|5914|2551,21|D|
|K356|3.01.01.09.01.99|2551,21|D|
|K355|3.01.01.07.01.99.30562|6052|15923,64|D|
|K356|3.01.01.09.01.99|15923,64|D|
|K355|3.01.01.07.01.99.30563|1332|2953,40|D|
|K356|3.01.01.09.01.99|2953,40|D|
|K355|3.01.01.07.01.99.30563|5513|270,00|D|
|K356|3.01.01.09.01.99|270,00|D|
|K355|3.01.01.07.01.99.30563|5544|1330,94|D|
|K356|3.01.01.09.01.99|1330,94|D|
|K355|3.01.01.07.01.99.30563|6457|135,00|D|
|K356|3.01.01.09.01.99|135,00|D|
|K355|3.01.01.07.01.99.30563|8513|277,80|D|
|K356|3.01.01.09.01.99|277,80|D|
|K355|3.01.01.07.01.99.30563|9205|41040,00|D|
|K356|3.01.01.09.01.99|41040,00|D|
|K355|3.01.01.07.01.99.30570|1332|207,65|D|
|K356|3.01.01.09.01.99|207,65|D|
|K355|3.01.01.07.01.99.30570|5513|1013,18|D|
|K356|3.01.01.09.01.99|1013,18|D|
|K355|3.01.01.07.01.99.30570|5542|124,96|D|
|K356|3.01.01.09.01.99|124,96|D|
|K355|3.01.01.07.01.99.30570|5544|33985,25|D|
|K356|3.01.01.09.01.99|33985,25|D|
|K355|3.01.01.07.01.99.30591|1332|36495,05|D|
|K356|3.01.01.09.01.99|36495,05|D|
|K355|3.01.01.07.01.99.30591|2308|1877,14|D|
|K356|3.01.01.09.01.99|1877,14|D|
|K355|3.01.01.07.01.99.30591|4014|67,00|D|
|K356|3.01.01.09.01.99|67,00|D|
|K355|3.01.01.07.01.99.30591|5513|2043,72|D|
|K356|3.01.01.09.01.99|2043,72|D|
|K355|3.01.01.07.01.99.30591|5542|3891,66|D|
|K356|3.01.01.09.01.99|3891,66|D|
|K355|3.01.01.07.01.99.30591|5544|4571,08|D|
|K356|3.01.01.09.01.99|4571,08|D|
|K355|3.01.01.07.01.99.30591|5914|1030,14|D|
|K356|3.01.01.09.01.99|1030,14|D|
|K355|3.01.01.07.01.99.30591|6457|1113,12|D|
|K356|3.01.01.09.01.99|1113,12|D|
|K355|3.01.01.07.01.99.30591|8513|3329,40|D|
|K356|3.01.01.09.01.99|3329,40|D|
|K355|3.01.01.09.01.08.30671|8513|31687,38|D|
|K356|3.01.01.09.01.08|31687,38|D|
|K355|3.01.01.09.01.08.30672|8513|1074,80|D|
|K356|3.01.01.09.01.08|1074,80|D|
|K355|3.01.01.09.01.08.30673|8513|304,56|D|
|K356|3.01.01.09.01.08|304,56|D|
|K355|3.01.01.09.01.08.30674|8513|30549,68|D|
|K356|3.01.01.09.01.08|30549,68|D|
|K355|3.01.01.09.01.08.30675|8513|147276,44|D|
|K356|3.01.01.09.01.08|147276,44|D|
|K355|3.01.01.09.01.08.30676|8513|35749,24|D|
|K356|3.01.01.09.01.08|35749,24|D|
|K355|3.01.01.09.01.99.30598|8513|26,93|D|
|K356|3.01.01.05.01.01|26,93|D|
|K355|3.01.99.01.01.01.30693|9205|13431,00|C|
|K356|3.01.01.01.01.08|13431,00|C|
|K355|3.01.99.11.01.04.30506|9205|7430,83|D|
|K356|3.01.01.11.01.04|7430,83|D|
|K990|559|
|L001|0|
|L030|01012018|31122018|A00|
|L100|1|ATIVO|S|1||01|8986373,18|D|82773443,96|93983379,86|11209935,90|D|
|L100|1.01|ATIVO CIRCULANTE|S|2|01|1|8051085,45|D|81196196,67|91485369,49|10289172,82|D|
|L100|1.01.01|DISPONIBILIDADES|S|3|01|1.01|664719,63|D|49708058,19|51269081,08|1561022,89|D|
|L100|1.01.01.01|DEPÓSITOS BANCÁRIOS À VISTA|S|4|01|1.01.01|793,10|D|60672,00|60902,23|230,23|D|
|L100|1.01.01.01.01|Caixa Matriz|A|5|01|1.01.01.01|793,10|D|60672,00|60902,23|230,23|D|
|L100|1.01.01.02|DEPÓSITOS BANCÁRIOS À VISTA|S|4|01|1.01.01|663926,53|D|49647386,19|51208178,85|1560792,66|D|
|L100|1.01.01.02.01|Bancos Conta Movimento - No País|A|5|01|1.01.01.02|663926,53|D|49647386,19|51208178,85|1560792,66|D|
|L100|1.01.02|CRÉDITOS|S|3|01|1.01|7303804,99|D|31459005,31|40120625,07|8661619,76|D|
|L100|1.01.02.01|ADIANTAMENTOS|S|4|01|1.01.02|125008,06|D|2273710,98|2337712,08|64001,10|D|
|L100|1.01.02.01.98|Outros Adiantamentos  – Circulante|A|5|01|1.01.02.01|125008,06|D|2210890,25|2274891,35|64001,10|D|
|L100|1.01.02.02|DUPLICATAS A RECEBER|S|4|01|1.01.02|6881298,93|D|29150425,47|37432393,21|8281967,74|D|
|L100|1.01.02.02.03|Duplicatas a Receber - Operações com Partes Relaci|A|5|01|1.01.02.02|7473097,09|D|28395247,92|37133119,23|8737871,31|D|
|L100|1.01.02.02.04|Duplicatas a Receber - Operações com Partes Relaci|A|5|01|1.01.02.02|60699,29|D|0,00|60699,29|60699,29|D|
|L100|1.01.02.02.52|(-) Perdas Estimadas em Créditos de Liquidação Duv|A|5|01|1.01.02.02|652497,45|C|755177,55|238574,69|516602,86|C|
|L100|1.01.02.03|TRIBUTOS A RECUPERAR|S|4|01|1.01.02|297484,39|D|726,73|316364,04|315637,31|D|
|L100|1.01.02.03.40|Outros Impostos e Contribuições a Recuperar|A|5|01|1.01.02.03|297484,39|D|726,73|316364,04|315637,31|D|
|L100|1.01.02.04|TRIBUTOS A COMPENSAR|S|4|01|1.01.02|13,61|D|34142,13|34155,74|13,61|D|
|L100|1.01.02.04.09|COFINS Retida na Fonte|A|5|01|1.01.02.04|13,61|D|11570,09|11583,70|13,61|D|
|L100|1.01.05|DESPESAS DO EXERCÍCIO SEGUINTE|S|3|01|1.01|82560,83|D|29133,17|95663,34|66530,17|D|
|L100|1.01.05.01|DESPESAS DO EXERCÍCIO SEGUINTE|S|4|01|1.01.05|82560,83|D|29133,17|95663,34|66530,17|D|
|L100|1.01.05.01.01|Alugueis Pagos Antecipadamente|A|5|01|1.01.05.01|56155,20|D|0,00|56155,20|56155,20|D|
|L100|1.01.05.01.02|Prêmios de Seguros a Apropriar|A|5|01|1.01.05.01|8169,83|D|10897,37|21272,34|10374,97|D|
|L100|1.01.05.01.09|Outros Custos e Despesas Pagos Antecipadamente|A|5|01|1.01.05.01|18235,80|D|18235,80|18235,80|0,00|C|
|L100|1.02|ATIVO NÃO CIRCULANTE|S|2|01|1|935287,73|D|1577247,29|2498010,37|920763,08|D|
|L100|1.02.03|IMOBILIZADO|S|3|01|1.02|600616,33|D|1485722,25|2071813,93|586091,68|D|
|L100|1.02.03.01|IMOBILIZADO - AQUISIÇÃO|S|4|01|1.02.03|600616,33|D|1485722,25|2071813,93|586091,68|D|
|L100|1.02.03.01.05|Benfeitorias em Imóveis de Terceiros|A|5|01|1.02.03.01|97603,08|D|210831,96|230525,80|19693,84|D|
|L100|1.02.03.01.06|Máquinas, Equipamentos e Instalações Industriais|A|5|01|1.02.03.01|343973,84|D|1193234,81|1623290,76|430055,95|D|
|L100|1.02.03.01.07|Móveis, Utensílios e Instalações Comerciais|A|5|01|1.02.03.01|134829,14|D|71282,43|187321,47|116039,04|D|
|L100|1.02.03.01.28|Outras Imobilizações por Aquisição|A|5|01|1.02.03.01|24210,27|D|10373,05|30675,90|20302,85|D|
|L100|1.02.05|INTANGÍVEL|S|3|01|1.02|334671,40|D|0,00|334671,40|334671,40|D|
|L100|1.02.05.01|ATIVOS INTANGÍVEIS|S|4|01|1.02.05|334671,40|D|0,00|334671,40|334671,40|D|
|L100|1.02.05.01.28|Outros Intangíveis|A|5|01|1.02.05.01|334671,40|D|0,00|334671,40|334671,40|D|
|L100|1.02.06.01.01|Despesas Pré-Operacionais ou Pré-Industriais - Ati|A|5|01|1.02.06.01|91525,04|D|0,00|91525,04|91525,04|D|
|L100|1.02.06.01.31|(-) Amortização Acumulada - Ativo Diferido|A|5|01|1.02.06.01|91525,04|C|91525,04|0,00|91525,04|C|
|L100|2|PASSIVO|S|1|02||8986373,18|C|54689288,32|40406080,02|11209935,90|C|
|L100|2.01|PASSIVO CIRCULANTE|S|2|02|2|15936747,74|C|48797947,15|29101000,49|19696946,66|C|
|L100|2.01.01|OBRIGAÇÕES DO CIRCULANTE|S|3|02|2.01|15936747,74|C|48797947,15|29101000,49|19696946,66|C|
|L100|2.01.01.01|BENEFÍCIOS E ENCARGOS SOCIAIS - CIRCULANTE|S|4|02|2.01.01|495094,67|C|7033470,69|6324169,33|709301,36|C|
|L100|2.01.01.01.01|Salários e Remunerações a Pagar|A|5|02|2.01.01.01|243443,79|C|3940400,30|3434280,24|506120,06|C|
|L100|2.01.01.01.03|INSS a Recolher|A|5|02|2.01.01.01|98864,18|C|1720027,16|1638418,83|81608,33|C|
|L100|2.01.01.01.04|FGTS a Recolher|A|5|02|2.01.01.01|44238,94|C|415144,61|380007,17|35137,44|C|
|L100|2.01.01.01.09|Demais Encargos a Recolher|A|5|02|2.01.01.01|108547,76|C|957898,62|871463,09|86435,53|C|
|L100|2.01.01.03|FORNECEDORES – CIRCULANTE|S|4|02|2.01.01|14295902,56|C|28183674,39|10115726,75|18067947,64|C|
|L100|2.01.01.03.01|Fornecedores - Operações com Partes Não Relacionad|A|5|02|2.01.01.03|40563,55|C|120182,95|81005,87|39177,08|C|
|L100|2.01.01.03.02|Fornecedores - Operações com Partes Não Relacionad|A|5|02|2.01.01.03|25510,71|C|25510,71|0,00|25510,71|C|
|L100|2.01.01.03.04|Fornecedores - Operações com Partes Relacionadas -|A|5|02|2.01.01.03|14229828,30|C|28037980,73|10034720,88|18003259,85|C|
|L100|2.01.01.05|CONTAS A PAGAR – CIRCULANTE|S|4|02|2.01.01|34673,75|C|150427,40|140253,65|10173,75|C|
|L100|2.01.01.05.01|Adiantamentos de Clientes - no País|A|5|02|2.01.01.05|34673,75|C|150427,40|140253,65|10173,75|C|
|L100|2.01.01.09|OBRIGAÇÕES FISCAIS – CIRCULANTE|S|4|02|2.01.01|214027,00|C|8013306,39|7699535,34|313771,05|C|
|L100|2.01.01.09.01|IRRF a Recolher - Circulante|A|5|02|2.01.01.09|4083,04|C|4117127,61|4112800,38|4327,23|C|
|L100|2.01.01.09.04|PIS a Recolher - Circulante|A|5|02|2.01.01.09|37405,81|C|706575,45|664932,53|41642,92|C|
|L100|2.01.01.09.05|COFINS a Recolher - Circulante|A|5|02|2.01.01.09|172093,84|C|2415449,77|2223617,05|191832,72|C|
|L100|2.01.01.09.08|Tributos Municipais a Recolher|A|5|02|2.01.01.09|79,20|C|761899,42|687026,63|74872,79|C|
|L100|2.01.01.09.28|Outros Tributos a Recolher - Circulante|A|5|02|2.01.01.09|365,11|C|12254,14|11158,75|1095,39|C|
|L100|2.01.01.15|PROVISÕES – CIRCULANTE|S|4|02|2.01.01|659011,65|C|1706320,48|1220155,37|486165,11|C|
|L100|2.01.01.15.03|Provisão para Férias|A|5|02|2.01.01.15|493642,01|C|1005516,82|639979,13|365537,69|C|
|L100|2.01.01.15.05|Provisões de Natureza Trabalhista - Circulante|A|5|02|2.01.01.15|165369,64|C|341819,73|221192,31|120627,42|C|
|L100|2.01.01.17|OUTRAS OBRIGAÇÕES - CIRCULANTE|S|4|02|2.01.01|238038,11|C|3710747,80|3601160,05|109587,75|C|
|L100|2.01.01.17.28|Outras Obrigações – Circulante|A|5|02|2.01.01.17|238038,11|C|3710747,80|3601160,05|109587,75|C|
|L100|2.02|PASSIVO NÃO-CIRCULANTE|S|2|02|2|2945498,97|C|2945498,97|0,00|2945498,97|C|
|L100|2.02.01|OBRIGAÇÕES A LONGO PRAZO|S|3|02|2.02|2945498,97|C|2945498,97|0,00|2945498,97|C|
|L100|2.02.01.01|EMPRÉSTIMOS E FINANCIAMENTOS - LONGO PRAZO|S|4|02|2.02.01|2945498,97|C|2945498,97|0,00|2945498,97|C|
|L100|2.02.01.01.02|Fornecedores - No Exterior - Longo Prazo|A|5|02|2.02.01.01|2945498,97|C|2945498,97|0,00|2945498,97|C|
|L100|2.03|PATRIMÔNIO LÍQUIDO|S|2|03|2|9895873,53|D|2945842,20|11305079,53|11432509,73|D|
|L100|2.03.01|CAPITAL SOCIAL|S|3|03|2.03|1409155,00|C|1409206,00|51,00|1409155,00|C|
|L100|2.03.01.02|CAPITAL REALIZADO - DE NÃO RESIDENTE NO PAÍS|S|4|03|2.03.01|1409155,00|C|1409206,00|51,00|1409155,00|C|
|L100|2.03.01.02.01|Capital Subscrito de Domiciliados e Residentes no|A|5|03|2.03.01.02|1409206,00|C|1409206,00|0,00|1409206,00|C|
|L100|2.03.01.02.10|(-) Capital a Integralizar de Domiciliados e Resid|A|5|03|2.03.01.02|51,00|D|0,00|51,00|51,00|D|
|L100|2.03.04|OUTRAS CONTAS DO PATRIMÔNIO LÍQUIDO|S|3|03|2.03|11305028,53|D|1536636,20|11305028,53|12841664,73|D|
|L100|2.03.04.01|OUTRAS CONTAS DO PATRIMÔNIO LÍQUIDO|S|4|03|2.03.04|11305028,53|D|1536636,20|11305028,53|12841664,73|D|
|L100|2.03.04.01.11|(-) Prejuízos Acumulados|A|5|03|2.03.04.01|11305028,53|D|1536636,20|11305028,53|12841664,73|D|
|L300|3||S|1|04|RESULTADO LÍQUIDO DO PERÍODO|1536636,20|D|
|L300|3.01|3|S|2|04|RESULTADO LÍQ ANTES DO IRPJ E DA CSLL|1536636,20|D|
|L300|3.01.01|3.01|S|3|04|RESULTADO OPERACIONAL|1536636,20|D|
|L300|3.01.01.01|3.01.01|S|4|04|RECEITA LIQUIDA|25295779,29|C|
|L300|3.01.01.01.01|3.01.01.01|S|5|04|RECEITA BRUTA|28704875,25|C|
|L300|3.01.01.01.01.06|3.01.01.01.01|A|6|04|Receita da Prestação de Serviços no Mercado Intern|28691444,25|C|
|L300|3.01.01.01.01.08|3.01.01.01.01|A|6|04|Receita da Locação de Bens Móveis e Imóveis|13431,00|C|
|L300|3.01.01.01.02|3.01.01.01|S|5|04|DEDUÇÕES DA RECEITA BRUTA|3409095,96|D|
|L300|3.01.01.01.02.01|3.01.01.01.02|A|6|04|(-) Vendas Canceladas e Devoluções de Vendas|2475,80|C|
|L300|3.01.01.01.02.04|3.01.01.01.02|A|6|04|(-) COFINS Sobre Receita Bruta|2180840,28|D|
|L300|3.01.01.01.02.05|3.01.01.01.02|A|6|04|(-) PIS/PASEP Sobre Receita Bruta|473282,28|D|
|L300|3.01.01.01.02.06|3.01.01.01.02|A|6|04|(-) ISS|757449,20|D|
|L300|3.01.01.03|3.01.01|S|4|04|CUSTO DOS BENS E SERVIÇOS|16447831,24|D|
|L300|3.01.01.03.01|3.01.01.03|S|5|04|CUSTO DOS BENS E SERVIÇOS VENDIDOS DAS ATIVIDADES|16447831,24|D|
|L300|3.01.01.03.01.03|3.01.01.03.01|A|6|04|(-) Custo dos Serviços Prestados|16447831,24|D|
|L300|3.01.01.05|3.01.01|S|4|04|OUTRAS RECEITAS OPERACIONAIS|64873,54|C|
|L300|3.01.01.05.01|3.01.01.05|S|5|04|OUTRAS RECEITAS OPERACIONAIS|64873,54|C|
|L300|3.01.01.05.01.01|3.01.01.05.01|A|6|04|Variações Cambiais Ativas|26,93|D|
|L300|3.01.01.05.01.05|3.01.01.05.01|A|6|04|Outras Receitas Financeiras|64900,47|C|
|L300|3.01.01.07|3.01.01|S|4|04|DESPESAS OPERACIONAIS|9798099,78|D|
|L300|3.01.01.07.01|3.01.01.07|S|5|04|DESPESAS OPERACIONAIS DAS ATIVIDADES EM GERAL|9798099,78|D|
|L300|3.01.01.07.01.02|3.01.01.07.01|A|6|04|(-) Ordenados, Salários, Gratificações e Outras Re|4301841,56|D|
|L300|3.01.01.07.01.03|3.01.01.07.01|A|6|04|(-) Outros Gastos com Pessoal|181423,33|D|
|L300|3.01.01.07.01.04|3.01.01.07.01|A|6|04|(-) Outros Serviços Prestados  por Pessoa Física o|294570,03|D|
|L300|3.01.01.07.01.05|3.01.01.07.01|A|6|04|(-) Encargos Sociais - Previdência Social|1021804,65|D|
|L300|3.01.01.07.01.06|3.01.01.07.01|A|6|04|(-) Encargos Sociais - FGTS|799951,44|D|
|L300|3.01.01.07.01.07|3.01.01.07.01|A|6|04|(-) Encargos Sociais – Outros|47778,82|D|
|L300|3.01.01.07.01.13|3.01.01.07.01|A|6|04|(-) Alimentação do Trabalhador|285992,60|D|
|L300|3.01.01.07.01.16|3.01.01.07.01|A|6|04|(-) Demais Impostos, Taxas e Contribuições, exceto|25671,77|D|
|L300|3.01.01.07.01.18|3.01.01.07.01|A|6|04|(-) Aluguéis|366226,21|D|
|L300|3.01.01.07.01.19|3.01.01.07.01|A|6|04|(-) Despesas com Veículos e de Conservação de Bens|115748,82|D|
|L300|3.01.01.07.01.20|3.01.01.07.01|A|6|04|(-) Propaganda, Publicidade e Patrocínio|427042,66|D|
|L300|3.01.01.07.01.22|3.01.01.07.01|A|6|04|(-) Multas|2837,45|D|
|L300|3.01.01.07.01.23|3.01.01.07.01|A|6|04|(-) Encargos de Depreciação|254428,33|D|
|L300|3.01.01.07.01.27|3.01.01.07.01|A|6|04|(-) Provisões para 13º Salário de Empregados|866596,84|D|
|L300|3.01.01.07.01.28|3.01.01.07.01|A|6|04|(-) Provisão para Perda de Estoque|85392,22|D|
|L300|3.01.01.07.01.33|3.01.01.07.01|A|6|04|(-) Assistência Médica, Odontológica e Farmacêutic|355329,26|D|
|L300|3.01.01.07.01.36|3.01.01.07.01|A|6|04|(-) Despesas com Energia Elétrica|32148,65|D|
|L300|3.01.01.07.01.38|3.01.01.07.01|A|6|04|(-) Despesas com Telefone e Internet|310625,92|D|
|L300|3.01.01.07.01.39|3.01.01.07.01|A|6|04|(-) Despesas com Correios e Malotes|11791,85|D|
|L300|3.01.01.07.01.40|3.01.01.07.01|A|6|04|(-) Despesas com Seguros|10897,37|D|
|L300|3.01.01.09|3.01.01|S|4|04|OUTRAS DESPESAS OPERACIONAIS|643927,18|D|
|L300|3.01.01.09.01|3.01.01.09|S|5|04|OUTRAS DESPESAS OPERACIONAIS DAS ATIVIDADES EM GER|643927,18|D|
|L300|3.01.01.09.01.08|3.01.01.09.01|A|6|04|(-) Outras Despesas Financeiras|246642,10|D|
|L300|3.01.01.09.01.99|3.01.01.09.01|A|6|04|(-) Outras Despesas Operacionais|397285,08|D|
|L300|3.01.01.11|3.01.01|S|4|04|OUTRAS RECEITAS, OUTRAS DESPESAS E RESULTADO DE OP|7430,83|D|
|L300|3.01.01.11.01|3.01.01.11|S|5|04|OUTRAS RECEITAS, OUTRAS DESPESAS E RESULTADO DE OP|7430,83|D|
|L300|3.01.01.11.01.04|3.01.01.11.01|A|6|04|(-) Valor Contábil de Participações Integrantes do|7430,83|D|
|L990|123|
|9001|0|
|9900|0000|1|
|9900|0001|1|
|9900|0010|1|
|9900|0020|1|
|9900|0030|1|
|9900|0930|2|
|9900|0990|1|
|9900|9001|1|
|9900|J001|1|
|9900|J050|353|
|9900|J051|566|
|9900|J100|39|
|9900|J990|1|
|9900|K001|1|
|9900|K030|1|
|9900|K155|77|
|9900|K156|77|
|9900|K355|201|
|9900|K356|201|
|9900|K990|1|
|9900|L001|1|
|9900|L030|1|
|9900|L100|72|
|9900|L300|48|
|9900|L990|1|
|9900|9900|28|
|9900|9990|1|
|9900|9999|1|
|9990|31|
|9999|1681|
